1943 3223
843 611 890 649 Ι.

308 793 310 796 .
396 712 952 827 nmmum
1006 730 1336 805 vnum.

76 1019 269 1107 Aegre
293 1063 412 1103 eum,
439 1048 693 1108 quicunque
715 1045 910 1091 animum
936 1045 1158 1105 paulisper
1181 1043 1239 1089 ad
1264 1043 1487 1089 historiam
1513 1047 1655 1090 Grae-

76 1133 227 1163 corum
270 1118 507 1163 literariam
551 1116 817 1171 attenderit,
860 1117 916 1161 ab
950 1132 998 1161 se
1030 1116 1370 1175 impetraturum
1401 1114 1501 1159 'esse
1539 1132 1656 1171 reor,

11 1183 14 1185 ’
76 1188 180 1247 quin
208 1189 417 1243 miretur,
452 1188 571 1248 quod
597 1187 704 1232 illud
731 1188 873 1248 poesis
895 1201 1065 1247 genus,
1098 1185 1217 1246 quod
1241 1192 1288 1229 et
1311 1186 1655 1231 uetustissimum

10 1312 13 1313 ⁷
76 1265 122 1301 et
154 1258 362 1303 latissime
395 1258 602 1302 diffusum
638 1257 746 1311 fuit,
781 1257 1028 1316 elegiacum
1065 1256 1187 1309 dico,
1231 1256 1425 1300 omnium
1462 1258 1652 1302 maxime

74 1327 270 1373 uirorum
297 1327 527 1373 doctorum
552 1343 682 1372 curas
704 1336 938 1387 expertum
964 1328 1034 1372 sit.
1081 1328 1136 1374 In
1161 1325 1241 1371 hac
1258 1326 1372 1371 enim
1393 1333 1519 1384 parte
1540 1334 1652 1371 tam·

15 1433 18 1437 1
74 1399 155 1444 etsi
180 1406 426 1458 temporum
449 1392 618 1442 *inuidia
643 1398 737 1442 fere
761 1414 846 1442 non
873 1399 1022 1442 minor
1041 1398 1195 1450 fuerit,
1241 1412 1371 1456 quam
1401 1396 1444 1440 in
1472 1397 1652 1457 reliquis

14 1482 18 1485 ⁴
72 1482 261 1526 graecae
284 1468 557 1528 antiquitatis
581 1469 794 1527 partibus,
830 1476 977 1513 tamen
1007 1483 1093 1512 non
1120 1466 1251 1512 modo
1274 1467 1538 1520 extiterunt,
1573 1469 1651 1526 qui

74 1536 129 1580 de
154 1545 309 1581 natura
335 1546 469 1597 atque
500 1537 647 1582 indole
670 1538 813 1596 ipsius
845 1538 988 1597 poesis
1019 1536 1244 1596 elegiacae
1269 1537 1537 1589 scriberent,
1573 1537 1652 1582 sed

73 1606 147 1664 qui
173 1607 524 1652 etiam-carmina
548 1607 1012 1667 elegiaca‚·quotquot
1035 1610 1287 1666 supersunt,
1318 1604 1652 1665 diligentissime

8 1571 24 1730 ἔ
71 1676 360 1735 colligerent,
393 1677 578 1722 collecta
601 1677 875 1736 explicarent
898 1686 967 1732 et,
1000 1676 1147 1737 quoad
1172 1691 1282 1734 opus
1306 1676 1412 1730 fuit,
1443 1677 1651 1721 emenda-

8 1731 16 1795 ,5
73 1753 195 1800 rent,
231 1755 277 1792 et
301 1746 365 1793 de»
384 1748 484 1793 uitis
508 1754 738 1807 poetarum
772 1755 951 1793 tantum*
979 1764 1057 1793 nos
1083 1747 1320 1800 docerent,
1355 1755 1566 1808 quantum
1593 1763 1650 1793 ex

8 1786 24 1937 ἃ
71 1817 174 1875 ipsis
198 1818 410 1877 poematis
434 1826 726 1878 ueterumque
750 1819 1010 1863 testimoniis
1033 1825 1238 1878 potuerat
1261 1818 1372 1861 erui.
1419 1818 1494 1862 Sic
1518 1833 1649 1876 prae-

14 1937 17 1941 >
73 1880 143 1930 ter
167 1893 388 1932 trecentos
411 1887 505 1932 fere
529 1895 702 1946 poetas,
739 1889 898 1948 quibus
914 1888 1175 1942 Jacobsius,
1212 1886 1281 1930 uir
1305 1887 1422 1930 omni
1444 1887 1649 1932 doctrina

2 1959 22 1996 .'
71 1955 377 2014 politissimus,
423 1958 466 2000 in
501 1958 768 2016 Anthologia
803 1961 974 2003 Graeca
1015 1972 1192 2016 operam
1233 1957 1437 2010 nauauit,
1481 1957 1647 2017 singuli

4 1940 23 2112 ἔ
50 2024 249 2084 >quidam
276 2034 459 2086 poetae,
495 2026 569 2086 qui
594 2042 808 2076 summam
838 2028 881 2072 in
909 2027 988 2072 hoc
1013 2027 1154 2087 poesis
1177 2041 1345 2087 genere
1369 2025 1525 2086 adepti
1541 2035 1647 2073 sunt

8 2115 16 2135 ι
69 2095 282 2153 gloriam,
328 2096 453 2141 uelut
485 2096 728 2152 Gallinus,¹
751 2097 1063 2152 Archilochus,
1104 2097 1234 2151 Solo,
1280 2096 1529 2155 Theognis,
1572 2098 1646 2141 Si-

7 2135 18 2220 {
72 2165 285 2220 monides,
317 2167 534 2220 Philetas,
570 2167 911 2222 Hermesianax,
946 2166 1208 2223 Phanocles,
1243 2166 1334 2222 alii,
1369 2166 1527 2213 nostris
1551 2182 1645 2212 ma-

7 2221 17 2313 }
72 2234 189 2280 xime
214 2237 484 2297 temporibus
511 2237 727 2289 ⁴inuenere
756 2238 874 2284 uiros
897 2238 1073 2294 doctos,
1109 2238 1183 2298 qui
1208 2237 1263 2282 de
1287 2236 1340 2281 iis
1362 2237 1525 2296 optime
1550 2252 1643 2282 me-

13 2314 16 2317 ’
72 2312 292 2351 rerentur.
340 2309 540 2359 Quorum
567 2308 781 2355 industria
805 2316 939 2368 atque
963 2308 1209 2368 diligentia,
1237 2314 1286 2351 ut
1309 2306 1466 2351 eximia
1492 2307 1642 2362 suerit,

3 2375 9 2401 Τ
71 2380 216 2419 tamen
241 2375 358 2422 haud
384 2378 512 2437 pauci
538 2377 656 2437 iique
682 2393 767 2423 non
789 2379 933 2423 minus
955 2378 1080 2434 clari,
1104 2392 1233 2439 quam
1255 2390 1363 2435 quos
1380 2391 1512 2434 supra
1531 2391 1641 2420 enu-

71 2446 353 2501 merauimus,
377 2456 614 2506 supersunt
637 2456 810 2508 poetae,
834 2464 1021 2509 quorum
1046 2450 1121 2507 qui
1139 2447 1370 2504 colligeret
1387 2444 1642 2505 fragmenta

4 2513 11 2518 '
69 2523 386 2575 enarraretque
412 2518 523 2562 uitas
547 2518 693 2562 nullus
716 2518 861 2563 adhuc
884 2519 980 2563 suit.
1049 2519 1102 2561 In
1130 2531 1281 2560 eorum
1311 2521 1498 2560 numero
1522 2525 1642 2571 sunt,

70 2590 120 2628 ut
144 2583 201 2628 de
224 2584 320 2629 aliis
342 2592 537 2643 taceam,
568 2587 715 2633 Eueni
749 2589 985 2649 praecipue
1016 2585 1196 2632 Eueni
1230 2584 1410 2640 Parii,
1453 2585 1510 2631 de
1543 2587 1641 2645 qui-

68 2654 172 2707 bus,
208 2654 243 2697 si
269 2656 446 2713 pusillas
471 2658 647 2701 notitias
669 2658 862 2702 Fabricii
887 2659 929 2702 in
954 2657 1069 2701 Bibl.
1092 2659 1253 2701 Graec.
1278 2655 1349 2700 ed.
1375 2657 1507 2699 Harl.
1532 2657 1588 2700 T.
1599 2657 1638 2700 I.

70 2736 113 2782 p.
139 2727 253 2773 738.
285 2730 331 2770 et
361 2724 549 2772 Iacobsii
583 2727 627 2772 in
659 2726 793 2774 Anth.
814 2729 896 2774 Gr.
931 2727 987 2773 T.
1008 2725 1140 2772 XIII.
1174 2742 1216 2787 p.
1245 2729 1359 2773 893.
1396 2725 1639 2785 exceperis,

6 2805 11 2822 ¹
68 2793 175 2838 nihil
200 2803 473 2856 compertum
498 2797 699 2854 habebis,
734 2800 934 2859 quamuis
963 2797 1123 2853 iidem,
1159 2805 1209 2842 ut
1232 2796 1347 2841 infra
1371 2796 1639 2852 docebimus,

0 2833 50 3223 Ιξ
69 2861 186 2910 haud
205 2865 471 2923 mediocrem
490 2866 679 2929 gloriam
697 2869 921 2917 consecuti
938 2868 1040 2915 sint.
1086 2869 1263 2928 Operae
1286 2867 1424 2927 igitur
1444 2866 1635 2925 pretium

1301 2944 1320 2981 1
