1943 3223
966 170 1052 218 10

209 332 340 395 Apud
365 331 548 379 Suidam
573 331 682 378 haec
706 331 921 392 leguntur
944 349 980 377 s.
1005 347 1050 377 u.
1089 333 1298 384 Φιλίσκος
1321 331 1347 391 ἢ
1375 334 1607 388 Φίλιστος,
1645 333 1791 394 Συρα-

208 403 383 455 κούσιος
392 437 411 458 ,
456 400 695 465 ἱστορικός.
749 398 803 462 ἦν
840 403 889 449 δὲ
933 402 1137 462 συγγενῆς
1174 405 1413 448 Διονυσίου
1454 408 1533 450 τοῦ
1574 402 1792 466 τυράννου

209 475 413 526 Σικελίας
452 479 528 520 καὶ
567 474 618 521 ἐν
652 476 711 538 τῇ
751 473 865 536 πρὸς
896 473 1226 535 Καρχηδονίους
1253 476 1492 532 ναυμαχίᾳ
1521 473 1790 536 ἐτελεύτησε.

207 545 433 606 ·Μαθητῆς
457 547 506 592 δὲ
528 542 582 604 ἧν
603 542 819 604 Εὗῆνου
852 548 950 590 τοῦ
984 545 1394 601 ἐλεγειοποιοῦ.
1414 559 1417 561 ’
1437 540 1641 607 Ἔγραψε
1661 547 1791 593 Σικε-

205 614 330 661 λικά·
376 617 472 661 ἔστι
504 615 554 661 δὲ
584 615 642 660 τὰ
676 615 789 676 πρὸς
821 612 1034 675 Ἕλληνας
1066 611 1512 676 αὗτοΐςπραχθέντα
1544 613 1792 676 διαφόρως·

206 692 282 732 καὶ
304 688 631 742 Γενεαλογίαν,
667 690 773 747 περὶ
800 687 1030 745 Φοινίκης,
1065 690 1139 731 καὶ
1161 682 1277 730 ἄλλα
1298 686 1402 731 τινὰ
1425 690 1530 746 περὶ
1558 690 1632 747 τῆς
1654 684 1792 747 νήσου

209 759 425 808 Σικελίας.
480 757 630 802 Porro
660 773 696 801 s.
711 768 767 803 u.
804 758 1040 811 Φίλιστος,
1075 757 1384 818 Ναυκρατίτης
1414 754 1441 816 ἢ
1475 755 1793 818 Συρακούσιος,

201 826 468 888 Ἀρχῳνίδου
500 826 614 879 υἱός.
652 828 875 887 Μαθητῆς
906 828 955 873 δὲ
986 824 1041 888 ἧν
1070 824 1244 887 Εὖῆνου
1276 831 1357 873 τοῦ
1388 827 1710 888 ἑλεχειοποιοῦ·
1747 826 1795 879 ὃς

206 895 528 959 πρῶτος-κατὰ
552 898 788 959 ῥητορικὴν
818 900 978 957 τέχνην
1008 897 1213 958 ἱστορίαν
1244 898 1429 961 ἔγραψε.
1489 899 1714 953 Συνέταξε
1744 898 1796 943 δὲ

205 973 365 1028 τέχνην
397 969 627 1030 ῥητορικὴν
635 1002 652 1022 ,
696 969 979 1024 Αἰγυπτιακὰ
1009 969 1060 1014 ἐν
1088 970 1269 1026 βιβλίοις
1291 967 1365 1027 ιβ’,
1412 969 1616 1014 Σικελικὰ
1647 969 1698 1015 ἐν
1728 972 1792 1026 βι-

205 1041 342 1097 βλίοις
366 1038 438 1094 ui,
474 1040 586 1099 πρὸς
608 1038 689 1084 τὸν
716 1037 1020 1099 Τρικάρανον,
1056 1037 1188 1096 λόγον
1209 1040 1315 1100 περὶ
1341 1036 1652 1101 Ναυκράτεως,
1688 1043 1793 1100 περὶ

207 1109 429 1156 Διονύσου
454 1114 534 1155 τοῦ
556 1108 777 1171 τυράννου
800 1111 945 1168 βιβλία
969 1108 1163 1170 ς’,’περῑ
1184 1113 1260 1169 τῆς
1281 1111 1539 1166 Αἰγυπτίων
1560 1112 1801 1167 θεολογίας

205 1183 350 1240 βιβλία
374 1179 428 1242 γ’,
465 1183 740 1242 Δημκηγορίας
753 1195 765 1206 ·
801 1186 875 1225 καὶ
906 1177 1022 1225 ἄλλα
1044 1179 1147 1226 τινά
1178 1186 1282 1242 περὶ
1314 1179 1475 1240 Λιβύης
1505 1185 1578 1225 καὶ
1611 1182 1791 1243 Συρίας.

206 1258 278 1285 -’-
313 1252 549 1297 Goellerus
573 1250 657 1311 (de
681 1251 751 1295 sit.
777 1259 823 1295 et
846 1252 963 1311 orig.
988 1252 1198 1311 Syracus.
1224 1267 1266 1310 p.
1294 1251 1676 1311 106.)*ostendit‚
1712 1252 1793 1296 mi·-

207 1337 307 1372 rum
334 1322 378 1366 in
405 1321 584 1367 modum
609 1321 682 1366 hic
704 1320 928 1366 confusos
941 1337 1036 1366 esse
1068 1337 1093 1366 a
1123 1320 1263 1366 Suida
1290 1320 1527 1367 Philistum
1551 1322 1795 1382 Syracusa-

144 1428 151 1435 .
208 1408 340 1447 num,
388 1408 537 1437 rerum
574 1391 826 1436 Sicularum
863 1392 1153 1450 scriptorem,
1197 1399 1243 1435 et
1277 1392 1794 1447 Philiscum'Mile'sium‚

207 1462 457 1518 rhetorem,
493 1460 703 1507 Isocratis
736 1455 1018 1521 discipulum.
1085 1460 1176 1506 Sed
1200 1460 1316 1506 idem
1342 1477 1520 1523 quoque
1545 1463 1730 1523 negauit
1751 1461 1795 1524 *)

209 1533 447 1578 Philistum
473 1532 606 1577 fuisse
629 1532 778 1576 Eueni
802 1531 1065 1591 discipulum
1081 1564 1095 1588 ,
1131 1547 1217 1576 non
1245 1539 1380 1578 recte.
1440 1532 1653 1578 Philistus
1676 1533 1793 1578 enim
1820 1535 1822 1538 ⁴

208 1605 527 1665 Dionysiorum
561 1603 835 1663 temporibus
870 1602 1004 1658 uixit3
1039 1618 1128 1663 quo
1161 1609 1363 1664 tempore
1396 1610 1543 1649 autem
1570 1598 1796 1661 natus'sit,

209 1675 312 1719 inde
337 1675 523 1720 fortasse
546 1689 647 1718 cum
674 1673 820 1732 aliqua
847 1667 1154 1732 probabilitate
1185 1675 1336 1733 colligi
1361 1675 1551 1734 poterit,
1586 1674 1706 1734 quod
1728 1675 1795 1720 sa-

211 1745 508 1793 miliaritatem
534 1759 635 1787 cum
665 1750 805 1798 matre
829 1742 1033 1801 Dionysii
1066 1743 1267 1797 habuisse
1292 1744 1459 1798 fertur,
1495 1760 1633 1804 quare
1656 1752 1793 1804 quum

209 1815 281 1859 hic
316 1821 445 1858 natus
477 1814 534 1857 sit
549 1807 638 1856 ‘'01.
666 1812 959 1864 LXXXVII,
987 1819 1032 1858 2.
1069 1828 1155 1856 non
1189 1814 1434 1868 erraueris,
1468 1814 1504 1858 si
1531 1814 1791 1860 Philistrum

209 1885 292 1930 hoc
315 1884 485 1944 aliquot
508 1883 635 1927 annis
660 1882 871 1927 maiorem
896 1881 1029 1926 fuisse
1054 1898 1203 1942 ponas.
1227 1883 1292 1944 **)
1349 1884 1420 1928 Ab·
1443 1884 1562 1928 omni
1590 1885 1795 1944 probabi-

210 1956 334 1998 litate
359 1954 500 2012 igitur
525 1968 610 1996 non
636 1952 899 1996 abhorreret
923 1952 1018 1996 eius
1039 1953 1204 2011 opinio,
1240 1954 1315 2013 qui
1342 1948 1526 2012 pu‘erum
1555 1954 1795 1999 Philistum

210 2024 357 2070 Eueni
393 2022 571 2068 maioris
603 2020 853 2067 auditorem
878 2021 1012 2067 fuisse
1035 2020 1229 2078 diceret,
1265 2039 1531 2085 quamquam
1558 2024 1795 2071 Philistum

212 2096 255 2138 in
291 2094 442 2138 Sicilia
475 2093 711 2138 educatum
740 2109 863 2147 esse,
897 2093 1113 2138 Euenum
1132 2109 1241 2138 uero
1265 2094 1451 2139 Athenis
1474 2094 1674 2140 docuisse
1698 2097 1794 2140 ueri

211 2164 353 2209 simile
377 2171 461 2208 est.
531 2166 590 2207 At
617 2161 688 2208 uel
714 2162 892 2207 omuino
917 2162 1153 2207 Philistum
1180 2164 1327 2212 Eueni
1351 2163 1576 2209 cuiusdam
1603 2165 1795 2225 discipu-

212 2234 304 2278 lum
330 2250 424 2277 esse
449 2248 535 2276 non
561 2233 779 2291 potuisse,
816 2232 937 2276 nullo
971 2240 1100 2291 pacto
1130 2249 1231 2278 cum
1257 2233 1468 2278 Goellero
1490 2233 1535 2294 ⁴¹)
1570 2235 1812 2280 affirmare

211 2319 345 2348 ausus
370 2303 469 2356 sim,
504 2300 668 2346 Suidae
693 2302 843 2357 enim,.
863 2302 1009 2361 quoad
1035 2302 1132 2347 fieri
1158 2309 1319 2362 potest,
1354 2303 1464 2348 fides
1490 2310 1558 2348 est
1582 2304 1794 2351 habenda.

211 2374 399 2419 Minoris
430 2389 534 2417 sane
573 2371 693 2416 Parii
726 2372 1000 2416 institutione
1034 2387 1137 2416 usus
1159 2388 1255 2417 esse
1279 2368 1453 2432 nequit3
1489 2373 1564 2419 sed
1586 2374 1722 2435 quid,
1743 2377 1794 2421 rsi

324 2554 419 2608 ἦγον
438 2559 485 2597 τὰ
500 2556 687 2599 Ἄσκώλια·
718 2557 761 2597 ἐν
787 2554 811 2608 ᾗ
840 2556 994 2607 ἥλλοντο
1014 2563 1093 2602 τοῖς
1119 2558 1251 2602 ἀσκοῖς
1278 2560 1332 2602 εἰς
1356 2560 1469 2610 τιμὴν
1495 2564 1563 2600 τοῦ
1582 2555 1793 2601 Διονύσου·

325 2619 436 2656 δοκεῖ
450 2617 490 2656 δὲ
511 2615 652 2666 ἐχθρὸν
673 2615 775 2656 εἶναι
794 2622 840 2667 τῇ
862 2616 1014 2670 ἀμπέλῳ
1032 2620 1074 2657 τὸ
1096 2621 1210 2670 ζῶον.
1233 2617 1361 2668 ἀμέλει
1379 2623 1474 2668 γοῦν
1491 2620 1558 2659 καὶ
1576 2619 1794 2671 ἐπίγραμμα

328 2675 482 2725 φέρεται
500 2675 596 2724 πρὸς
614 2675 685 2725 τὴν
705 2674 796 2725 αἶγα
816 2673 935 2718 οὕτως
954 2676 1052 2725 ἔχον.
1082 2681 1085 2685 ’

242 2781 245 2784 ,
622 2733 709 2784 Κῆν
729 2749 777 2784 με
798 2732 922 2784 φάγῃς
940 2742 1012 2774 etc.
1058 2733 1110 2776 cf.
1131 2734 1202 2790 sgt.
1227 2739 1293 2778 18.

304 2790 596 2845 Ἅσκωλίαζε
627 2793 667 2833 δὲ
687 2793 771 2832 ἀντὶ
790 2796 860 2834 τοῦ
880 2790 1006 2833 ἄλλον.
1046 2793 1130 2835 Etc-

268 2864 302 2910 *)
324 2862 368 2902 L'.
391 2876 428 2901 c.
459 2875 501 2914 p.
525 2868 621 2904 116.

249 2933 303 2982 **)
323 2934 366 2974 L.
391 2936 428 2974 c.'
459 2945 501 2986 p.
526 2936 621 2974 106.
660 2933 770 2977 Voss.
799 2934 846 2975 de
874 2933 965 2976 hist.
989 2947 1044 2988 gr.
1071 2933 1142 2977 lib.
1163 2935 1199 2977 1.
1226 2948 1263 2976 c.
1285 2940 1325 2978 6.
1352 2944 1393 2988 p.
1415 2937 1485 2977 ⁵5.
1514 2931 1575 2975 ed.
1595 2934 1793 2978 Westerm.
