1943 3223
119 304 319 354 nide'm
340 298 854 361 quendamfflscriptum
879 292 1027 345 fuisse]
1065 300 1341 360 Namquod
1365 300 1473 347 dicit
1498 302 1700 347 Euenus:

117 375 259 435 αὐτὰρ
282 372 368 429 ἐγώ
392 370 659 433 μέτρον-γὰρ
684 370 770 428 ἔχω
785 391 787 393 ·
801 370 1033 429 μελιηδέος
1056 372 1208 426 οἴνου,
1253 380 1406 431 aperte
1429 379 1537 433 eget
1560 372 1704 432 expli·

116 446 313 496 catione,
348 457 464 501 quae
498 443 543 486 in
575 443 724 487 uerbis
756 438 935 495 Βάκχον
964 443 1127 501 μέτρον
1161 439 1351 503 ἄριστον
1383 459 1447 501 sq.
1478 436 1730 494 adiicitur.'

117 513 276 574 Fingit
294 513 479 557 Euenus
502 520 548 557 et·
573 519 693 558 recte
708 510 889 571 quidem
909 511 1180 557 Simonidem
1201 512 1488 567 nescientem,
1524 513 1703 573 quando

117 585 295 631 tandem
330 584 502 642 μέτρον
527 585 649 627 οἴνου
682 582 764 627 sibi
795 581 952 626 bibisse
981 581 1209 639 uideatur3
1245 581 1365 642 quod
1390 589 1441 626 ut
1463 592 1704 641 eognoscat

117 651 391 706 Simonides,
422 652 535 697 illud
567 651 745 708 Βᾷκχου
777 653 941 711 μέτρον
973 654 1187 712 optimum
1220 653 1301 699 sibi
1327 651 1471 697 uideri
1498 652 1631 707 dicit,
1666 656 1702 698 si

118 742 199 770 nec
224 723 409 768 nimium
436 739 517 768 nec
541 739 697 782 parum
723 721 897 785 biberit.
956 723 1029 767 Sic
1055 724 1471 769 habemuscarmen
1494 739 1550 767 ex
1576 724 1702 768 sede-

117 796 200 841 cim
228 793 428 838 uersibus
451 800 654 838 constans
678 793 819 852 iisque
845 791 1009 851 optime
1034 794 1151 838 inter
1174 810 1221 839 se
1244 794 1469 838 connexis.
1528 794 1599 837 Ex
1627 810 1702 838 eo-

116 865 215 910 dem
240 864 438 909 carmine
468 863 527 907 ad
561 861 832 907 Simonidem
867 863 1030 922 scripto
1054 864 1181 922 petiti
1205 863 1389 908 fortasse
1416 871 1520 908 sunt
1546 880 1701 908 uersus

117 932 256 996 (licet
280 950 366 979 non
392 933 474 979 bac
498 939 624 993 parte
648 930 934 993 inserendi),
968 933 1044 992 qui
1068 932 1187 993 apud
1213 933 1521 993 Theognidem
1552 932 1699 996 (uers.

124 1008 269 1052 1205
304 1022 367 1065 sq.
401 1004 472 1049 ed.
498 1004 674 1062 Welck.
703 1009 817 1050 667.
851 1001 975 1064 Bk.)
1004 1003 1225 1063 leguntur
1259 1020 1286 1048 a
1309 1005 1547 1066 Welckero
1582 1006 1700 1051 inter

116 1078 305 1120 incertas
328 1091 514 1135 gnomas
539 1073 743 1119 exhibiti:
826 1092 831 1095 ⁴

253 1159 313 1202 Εἰ
332 1163 416 1215 μὲν
437 1155 620 1218 χρηματ’
646 1156 814 1213 ἔχοιμι,
851 1156 1104 1213 Σιμωνίδη,
1141 1154 1216 1200 οἶά
1237 1173 1323 1216 περ
1347 1153 1484 1220 ᾔδειν,

390 1225 467 1273 οὕκ
490 1225 549 1272 ἄν
573 1224 770 1285 ἀνιῴμην
792 1231 885 1276 τοῖς
908 1223 1124 1282 ἀγαθοῖσι
1148 1223 1310 1271 συνών.

114 1310 185 1355 De
211 1310 410 1355 uersibus
434 1309 510 1370 qui
534 1316 781 1370 sequuntur

254 1394 335 1437 νῦν
359 1392 408 1436 δέ
429 1408 486 1448 με
509 1389 807 1451 γιγνώσκοντα
830 1393 1125 1451 παρέρχεται,
1162 1391 1250 1448 εἰμὶ
1274 1388 1320 1434 δ’
1344 1387 1524 1450 ἄφωνος

384 1460 691 1525 χρησμονύνη,
726 1462 906 1507 πολλῶν
935 1459 1061 1518 γνούς
1083 1477 1168 1521 περ
1193 1458 1378 1518 ἄμεινον
1401 1479 1489 1506 ετι.

111 1541 264 1587 dubito
289 1558 394 1587 num
418 1543 506 1590 huc
530 1543 688 1588 referri
712 1526 893 1602 queant.
952 1542 1021 1586 Ad
1047 1558 1121 1587 eos
1140 1543 1407 1587 Welckerus
1430 1543 1538 1587 haec
1559 1542 1696 1587 adno-

108 1620 197 1656 tat:
233 1613 347 1668 „hoc
366 1613 581 1657 distichon
602 1628 659 1657 ex
678 1611 945 1672 Theognide
965 1614 1062 1658 649
1083 1622 1305 1656 ann'exum
1329 1619 1413 1666 est,
1438 1613 1510 1656 ubi
1529 1613 1697 1673 legitur

250 1692 398 1739 πολλα
419 1712 475 1752 με
498 1699 571 1739 καὶ
595 1697 805 1740 συνιέντα
828 1696 1122 1755 παρέχρεται·
1159 1691 1253 1738 ἀλλ’
1276 1691 1358 1739 ὑπ’
1385 1691 1570 1753 ἀνάγκης

387 1768 522 1822 σιγῶ,
558 1763 811 1822 γιγνώσκων
832 1762 1045 1825 ἡμετέρην
1061 1763 1271 1822 δύναμιν.

109 1846 203 1892 Sed
229 1848 305 1907 qui
339 1848 413 1892 hic
442 1847 552 1892 illud
584 1847 915 1907 agglutinauit,
951 1863 1039 1907 quo
1070 1848 1274 1893 iunctura
1307 1849 1437 1892 fieret
1460 1849 1626 1892 arctior
1649 1857 1696 1893 et

108 1917 221 1961 iusta
260 1918 473 1970 existeret
502 1917 746 1976 oppositio,
791 1917 848 1962 de
880 1933 959 1961 suo
992 1918 1141 1961 intulit
1173 1920 1255 1962 νῦν
1290 1917 1364 1968 de,-
1406 1917 1526 1961 unde
1538 1950 1551 1971 ,
1586 1918 1694 1961 dum

108 1987 378 2044 subiectum,
414 1987 533 2047 quod
562 1987 771 2042 dicimus,
810 1988 946 2033 uerbo
970 1986 1118 2043 deest,
1152 1982 1298 2031 hiulca
1326 1988 1469 2032 euasit
1501 1989 1692 2032 oratiof⁶

200 2069 289 2113 Sed
317 2076 365 2113 ut
389 2069 529 2128 ipsum
556 2068 703 2112 Eueni
726 2083 906 2112 carmen
931 2067 1217 2122 accedamus,
1253 2068 1382 2113 codd.
1406 2069 1622 2113 Laurent.
1647 2078 1693 2113 et

109 2137 255 2184 Palat.
290 2138 529 2198 (Athenaei
553 2155 625 2198 ap.
650 2137 832 2198 Dindf.)
866 2153 983 2183 uers.
1011 2145 1053 2184 1.
1090 2139 1299 2184 exhibent
1322 2136 1488 2184 ἄκοντα
1512 2156 1594 2198 pro
1618 2137 1691 2184 ἀέ-

107 2225 268 2262 κοντα,
305 2216 350 2253 et
375 2209 514 2253 Laur.
537 2207 789 2269 κατερύκειν
812 2223 893 2267 pro
916 2210 1137 2269 κατέρυκε.
1163 2236 1232 2241 -
1264 2210 1341 2253 Vs.
1368 2214 1413 2254 3.
1448 2207 1582 2253 ὅντιν’
1607 2208 1692 2269 ἂν)

108 2276 166 2324 ἂν
190 2279 329 2340 uulgo
354 2279 502 2334 deest,
537 2279 772 2329 Bekkerus
795 2278 967 2324 addidit
991 2295 1046 2324 ex
1071 2279 1224 2325 codice
1247 2280 1487 2325 Mutinensi
1515 2279 1692 2340 (Theo-

106 2350 293 2412 gnidis).
307 2352 460 2397 —Vs.
477 2352 521 2396 4.
547 2350 660 2395 cod.
682 2341 936 2410 Hamburg.
957 2347 1288 2412 (Theognidis)
1312 2352 1493 2410 praebet
1514 2355 1691 2411 θωρυχ-

106 2414 234 2466 θέντ’
263 2437 345 2482 pro
368 2418 660 2486 θωρηχθέντῖ
696 2419 1037 2482 θωρήσσεσθαι
1057 2430 1103 2467 et
1132 2422 1301 2467 adiecta
1327 2429 1371 2466 et
1395 2421 1551 2466 omissa
1579 2438 1690 2467 uoce

106 2493 212 2551 οἴνῳ
238 2493 483 2551 significat:
518 2493 609 2536 uini
631 2492 825 2551 pienum,
860 2493 1030 2536 ebrium
1056 2497 1181 2536 esse“
1193 2507 1205 2546 3
1240 2493 1301 2535 sic
1322 2484 1529 2551 'l'heogm
1557 2499 1688 2539 1009

106 2558 203 2621 (ed.
225 2563 297 2606 W.
318 2565 433 2608 413.
451 2560 565 2622 Bk.)
595 2563 737 2609 >1054
764 2561 995 2620 (w.884.
1014 2562 1129 2621 Bk.)
1169 2565 1296 2607 1136
1324 2559 1423 2621 (W.
1439 2566 1558 2609 508.
1577 2562 1691 2624 Bk.)

106 2647 147 2673 e.
168 2648 207 2675 a.
232 2634 288 2677 cf.
310 2634 536 2692 Aristoph.
561 2633 752 2677 Acharn.
785 2639 805 2677 1
821 2639 932 2679 136.
965 2659 1013 2664 -
1047 2633 1123 2676 Vs.
1145 2636 1190 2678 5.
1213 2630 1320 2689 μήτε
1345 2632 1415 2677 bic
1438 2641 1486 2678 et
1510 2650 1625 2679 uers.
1644 2640 1689 2679 3.

104 2715 185 2759 pro
212 2704 336 2764 uulg.
361 2703 469 2762 μηδὲ
492 2704 696 2770 correxit.
711 2702 962 2765 Bekkerus,
992 2718 1104 2763 quae
1125 2703 1344 2747 correctio
1365 2702 1462 2750 loco
1483 2705 1690 2750 Chironis

103 2786 236 2830 suprra
260 2775 455 2820 exhibito
478 2775 782 2832 confirmatur.
807 2800 876 2809 --
900 2775 972 2820 Vs.
999 2779 1043 2818 6.
1076 2773 1208 2824 Quod
1231 2774 1278 2819 in
1302 2775 1435 2821 codd.
1458 2776 1690 2837 Theogni-

161 2911 195 2955 *ὃ
215 2911 373 2970 Dequo
392 2913 561 2959 conferas,
579 2928 679 2968 quae
695 2917 735 2965 ·§‘
749 2919 774 2956 5
804 2914 1097 2968 disputauimus.

1346 2980 1374 3021 3
