<?xml version="1.0" encoding="UTF-8"?>
<!DOCTYPE html PUBLIC "-//W3C//DTD XHTML 1.0 Transitional//EN"
    "http://www.w3.org/TR/xhtml1/DTD/xhtml1-transitional.dtd">
<html xmlns="http://www.w3.org/1999/xhtml" xml:lang="en" lang="en">
 <head>
  <title>
</title>
<meta http-equiv="Content-Type" content="text/html;charset=utf-8" />
  <meta name='ocr-system' content='tesseract 3.04.00' />
  <meta name='ocr-capabilities' content='ocr_page ocr_carea ocr_par ocr_line ocrx_word'/>
</head>
<body>
  <div class='ocr_page' id='page_1' title='image "4737206_0066.png"; bbox 0 0 1943 3223; ppageno 0'>
   <div class='ocr_carea' id='block_1_1' title="bbox 943 156 1044 238">
    <p class='ocr_par' dir='ltr' id='par_1_1' title="bbox 943 156 1044 238">
     <span class='ocr_line' id='line_1_1' title="bbox 943 156 1044 238; baseline 0.01 -1"><span class='ocrx_word' id='word_1_1' title='bbox 943 156 1044 238; x_wconf 67' lang='grc'><strong>’54</strong></span> 
     </span>
    </p>
   </div>
   <div class='ocr_carea' id='block_1_2' title="bbox 883 351 1112 399">
    <p class='ocr_par' dir='ltr' id='par_1_2' title="bbox 883 351 1112 399">
     <span class='ocr_line' id='line_1_2' title="bbox 883 351 1112 399; baseline -0.004 0"><span class='ocrx_word' id='word_1_2' title='bbox 883 351 1112 399; x_wconf 64' lang='lat'>›16.·</span> 
     </span>
    </p>
   </div>
   <div class='ocr_carea' id='block_1_3' title="bbox 201 439 1794 705">
    <p class='ocr_par' dir='ltr' id='par_1_3' title="bbox 201 439 1794 705">
     <span class='ocr_line' id='line_1_3' title="bbox 297 439 1794 513; baseline 0 -22"><span class='ocrx_word' id='word_1_3' title='bbox 297 445 493 507; x_wconf 85' lang='lat' dir='ltr'><strong>Legitur</strong></span> <span class='ocrx_word' id='word_1_4' title='bbox 539 445 644 493; x_wconf 85' lang='lat' dir='ltr'>ibid.</span> <span class='ocrx_word' id='word_1_5' title='bbox 688 461 731 506; x_wconf 89' lang='lat' dir='ltr'><strong>p.</strong></span> <span class='ocrx_word' id='word_1_6' title='bbox 767 452 886 497; x_wconf 83' lang='grc'><strong>397</strong></span> <span class='ocrx_word' id='word_1_7' title='bbox 924 447 1055 494; x_wconf 81' lang='lat' dir='ltr'><strong>cum</strong></span> <span class='ocrx_word' id='word_1_8' title='bbox 1100 445 1306 493; x_wconf 88' lang='lat' dir='ltr'><strong>lemmate</strong></span> <span class='ocrx_word' id='word_1_9' title='bbox 1349 439 1505 507; x_wconf 81' lang='grc' dir='ltr'><strong><em>εὖῆνου</em></strong></span> <span class='ocrx_word' id='word_1_10' title='bbox 1548 450 1794 513; x_wconf 78' lang='grc' dir='ltr'><strong><em>γραμματιξ</em></strong></span> 
     </span>
     <span class='ocr_line' id='line_1_4' title="bbox 203 510 1791 578; baseline 0 -16"><span class='ocrx_word' id='word_1_11' title='bbox 203 518 264 567; x_wconf 84' lang='grc' dir='ltr'><strong>εἷς</strong></span> <span class='ocrx_word' id='word_1_12' title='bbox 306 516 408 568; x_wconf 81' lang='grc' dir='ltr'><strong><em>τοῦς</em></strong></span> <span class='ocrx_word' id='word_1_13' title='bbox 453 515 676 576; x_wconf 78' lang='grc' dir='ltr'><strong><em>σκώληκας</em></strong></span> <span class='ocrx_word' id='word_1_14' title='bbox 719 516 820 568; x_wconf 81' lang='grc' dir='ltr'><strong><em>τοῦς</em></strong></span> <span class='ocrx_word' id='word_1_15' title='bbox 862 518 926 562; x_wconf 71' lang='grc' dir='ltr'><strong>τὰ</strong></span> <span class='ocrx_word' id='word_1_16' title='bbox 949 510 1073 577; x_wconf 74' lang='grc' dir='ltr'><strong>βίβλὲ</strong></span> <span class='ocrx_word' id='word_1_17' title='bbox 1110 515 1438 578; x_wconf 78' lang='grc' dir='ltr'><strong><em>βιβρωσκούσας</em></strong></span> <span class='ocrx_word' id='word_1_18' title='bbox 1469 514 1618 577; x_wconf 73' lang='grc' dir='ltr'><strong><em>ἤγουν</em></strong></span> <span class='ocrx_word' id='word_1_19' title='bbox 1639 515 1791 577; x_wconf 78' lang='grc' dir='ltr'><strong><em>σῆτας,</em></strong></span> 
     </span>
     <span class='ocr_line' id='line_1_5' title="bbox 201 587 1793 648; baseline 0.003 -17"><span class='ocrx_word' id='word_1_20' title='bbox 201 587 323 631; x_wconf 90' lang='lat' dir='ltr'><strong>unde</strong></span> <span class='ocrx_word' id='word_1_21' title='bbox 358 588 467 632; x_wconf 89' lang='lat' dir='ltr'><strong>abiit</strong></span> <span class='ocrx_word' id='word_1_22' title='bbox 500 589 543 631; x_wconf 94' lang='lat' dir='ltr'><strong>in</strong></span> <span class='ocrx_word' id='word_1_23' title='bbox 582 588 661 632; x_wconf 90' lang='lat' dir='ltr'><strong>Br.</strong></span> <span class='ocrx_word' id='word_1_24' title='bbox 694 589 787 632; x_wconf 91' lang='lat' dir='ltr'><strong>Gn.</strong></span> <span class='ocrx_word' id='word_1_25' title='bbox 813 589 899 632; x_wconf 87' lang='lat' dir='ltr'><strong>Gr.</strong></span> <span class='ocrx_word' id='word_1_26' title='bbox 921 588 961 633; x_wconf 95' lang='lat' dir='ltr'><strong>I.</strong></span> <span class='ocrx_word' id='word_1_27' title='bbox 997 594 1104 636; x_wconf 91' lang='lat'><strong>167.</strong></span> <span class='ocrx_word' id='word_1_28' title='bbox 1153 604 1196 633; x_wconf 90' lang='lat' dir='ltr'><strong>n.</strong></span> <span class='ocrx_word' id='word_1_29' title='bbox 1229 593 1306 635; x_wconf 89' lang='grc'><strong>16.</strong></span> <span class='ocrx_word' id='word_1_30' title='bbox 1344 591 1429 633; x_wconf 83' lang='grc' dir='ltr'><strong>Διι.</strong></span> <span class='ocrx_word' id='word_1_31' title='bbox 1453 588 1493 632; x_wconf 92' lang='grc' dir='ltr'><strong>Ι.</strong></span> <span class='ocrx_word' id='word_1_32' title='bbox 1516 588 1567 633; x_wconf 97' lang='grc'><strong>1.</strong></span> <span class='ocrx_word' id='word_1_33' title='bbox 1604 603 1648 648; x_wconf 93' lang='grc' dir='ltr'><strong>Ρ.</strong></span> <span class='ocrx_word' id='word_1_34' title='bbox 1676 591 1793 635; x_wconf 78' lang='lat'><strong>528.</strong></span> 
     </span>
     <span class='ocr_line' id='line_1_6' title="bbox 202 651 939 705; baseline 0.004 -3"><span class='ocrx_word' id='word_1_35' title='bbox 202 657 373 704; x_wconf 88' lang='lat' dir='ltr'><strong>Iacobs.</strong></span> <span class='ocrx_word' id='word_1_36' title='bbox 400 651 532 704; x_wconf 80' lang='lat' dir='ltr'><strong>Anth.</strong></span> <span class='ocrx_word' id='word_1_37' title='bbox 571 657 670 702; x_wconf 90' lang='lat' dir='ltr'><strong>Pal.</strong></span> <span class='ocrx_word' id='word_1_38' title='bbox 694 657 781 702; x_wconf 87' lang='lat' dir='ltr'><strong>IX.</strong></span> <span class='ocrx_word' id='word_1_39' title='bbox 821 659 939 705; x_wconf 81' lang='lat'><strong>251.</strong></span> 
     </span>
    </p>
   </div>
   <div class='ocr_carea' id='block_1_4' title="bbox 310 733 1744 1171">
    <p class='ocr_par' dir='ltr' id='par_1_4' title="bbox 337 733 1744 885">
     <span class='ocr_line' id='line_1_7' title="bbox 337 733 1741 825; baseline 0.001 -27.009"><span class='ocrx_word' id='word_1_40' title='bbox 337 733 548 811; x_wconf 73' lang='grc' dir='ltr'><strong><em>Ἐχθίσ-τη</em></strong></span> <span class='ocrx_word' id='word_1_41' title='bbox 583 749 795 805; x_wconf 86' lang='grc' dir='ltr'><em>Μούσαις</em></span> <span class='ocrx_word' id='word_1_42' title='bbox 829 750 1120 825; x_wconf 71' lang='grc' dir='ltr'><strong><em>σελιᾷηφαγε,</em></strong></span> <span class='ocrx_word' id='word_1_43' title='bbox 1157 750 1405 819; x_wconf 76' lang='grc' dir='ltr'><strong><em>λωβῆτειρα</em></strong></span> <span class='ocrx_word' id='word_1_44' title='bbox 1739 806 1741 811; x_wconf 28' lang='lat'><em>¹</em></span> 
     </span>
     <span class='ocr_line' id='line_1_8' title="bbox 431 818 1744 885; baseline 0.002 -18.106"><span class='ocrx_word' id='word_1_45' title='bbox 431 823 654 882; x_wconf 80' lang='grc' dir='ltr'><strong><em>φωλὰς,</em></strong></span> <span class='ocrx_word' id='word_1_46' title='bbox 698 821 769 868; x_wconf 74' lang='grc' dir='ltr'><strong>ἀεὶ</strong></span> <span class='ocrx_word' id='word_1_47' title='bbox 804 828 964 883; x_wconf 76' lang='grc' dir='ltr'><strong><em>σοφίης</em></strong></span> <span class='ocrx_word' id='word_1_48' title='bbox 996 826 1221 883; x_wconf 79' lang='grc' dir='ltr'><strong><em>κλέμματα</em></strong></span> <span class='ocrx_word' id='word_1_49' title='bbox 1253 818 1532 885; x_wconf 77' lang='grc' dir='ltr'><strong><em>φερβομένη,</em></strong></span> <span class='ocrx_word' id='word_1_50' title='bbox 1646 869 1656 875; x_wconf 81' lang='grc'><em>,</em></span> <span class='ocrx_word' id='word_1_51' title='bbox 1723 830 1744 874; x_wconf 73' lang='grc'><strong>’,</strong></span> 
     </span>
    </p>

    <p class='ocr_par' dir='ltr' id='par_1_5' title="bbox 339 891 1538 1027">
     <span class='ocr_line' id='line_1_9' title="bbox 339 891 1411 980; baseline 0.002 -42.002"><span class='ocrx_word' id='word_1_52' title='bbox 339 896 471 962; x_wconf 79' lang='grc' dir='ltr'><strong><em>τίπτε</em></strong></span> <span class='ocrx_word' id='word_1_53' title='bbox 505 891 795 955; x_wconf 79' lang='grc' dir='ltr'><strong><em>κελαινόχρως</em></strong></span> <span class='ocrx_word' id='word_1_54' title='bbox 828 893 968 955; x_wconf 83' lang='grc' dir='ltr'><strong><em>ιεραῖς</em></strong></span> <span class='ocrx_word' id='word_1_55' title='bbox 1002 900 1199 980; x_wconf 78' lang='grc' dir='ltr'><strong><em>ψηφοΐσι</em></strong></span> <span class='ocrx_word' id='word_1_56' title='bbox 1233 894 1411 962; x_wconf 78' lang='grc' dir='ltr'><strong><em>λοχᾷζη,</em></strong></span> 
     </span>
     <span class='ocr_line' id='line_1_10' title="bbox 480 946 1568 1036; baseline 0.001 -27"><span class='ocrx_word' id='word_1_57' title='bbox 480 965 644 1024; x_wconf 79' lang='grc' dir='ltr'><strong><em>σίλφη,</em></strong></span> <span class='ocrx_word' id='word_1_58' title='bbox 690 965 772 1025; x_wconf 80' lang='grc' dir='ltr'><strong>τῆν</strong></span> <span class='ocrx_word' id='word_1_59' title='bbox 806 967 1038 1036; x_wconf 71' lang='grc' dir='ltr'><strong><em>φθονερῇν</em></strong></span> <span class='ocrx_word' id='word_1_60' title='bbox 1072 965 1222 1012; x_wconf 81' lang='grc' dir='ltr'><strong><em>εἰκόνα</em></strong></span> <span class='ocrx_word' id='word_1_61' title='bbox 1256 946 1568 1024; x_wconf 57' lang='grc' dir='ltr'><strong><em>πλαττομένης</em></strong></span> 
     </span>
    </p>

    <p class='ocr_par' dir='ltr' id='par_1_6' title="bbox 310 1030 1654 1171">
     <span class='ocr_line' id='line_1_11' title="bbox 310 1030 1654 1101; baseline 0.001 -22.024"><span class='ocrx_word' id='word_1_62' title='bbox 310 1032 471 1095; x_wconf 72' lang='grc' dir='ltr'><strong><em>φεῦγ’</em></strong></span> <span class='ocrx_word' id='word_1_63' title='bbox 508 1032 600 1080; x_wconf 80' lang='grc' dir='ltr'><strong>ἇπό</strong></span> <span class='ocrx_word' id='word_1_64' title='bbox 636 1035 898 1091; x_wconf 79' lang='grc' dir='ltr'><strong><em>Μουσάων,</em></strong></span> <span class='ocrx_word' id='word_1_65' title='bbox 935 1038 1005 1083; x_wconf 73' lang='grc' dir='ltr'><strong>ι’θι</strong></span> <span class='ocrx_word' id='word_1_66' title='bbox 1038 1035 1222 1096; x_wconf 84' lang='grc' dir='ltr'><strong><em>τηλόσε,</em></strong></span> <span class='ocrx_word' id='word_1_67' title='bbox 1258 1034 1363 1101; x_wconf 46' lang='grc' dir='ltr'><strong>μηδ</strong></span> <span class='ocrx_word' id='word_1_68' title='bbox 1399 1030 1509 1082; x_wconf 85' lang='grc' dir='ltr'><strong><em>όσον</em></strong></span> <span class='ocrx_word' id='word_1_69' title='bbox 1545 1032 1654 1099; x_wconf 84' lang='grc' dir='ltr'><strong><em>όψει</em></strong></span> 
     </span>
     <span class='ocr_line' id='line_1_12' title="bbox 475 1104 1553 1171; baseline 0 -20"><span class='ocrx_word' id='word_1_70' title='bbox 475 1104 702 1164; x_wconf 80' lang='grc' dir='ltr'><strong><em>βάσκανον</em></strong></span> <span class='ocrx_word' id='word_1_71' title='bbox 737 1108 768 1163; x_wconf 82' lang='lat'><em>†</em></span> <span class='ocrx_word' id='word_1_72' title='bbox 791 1108 842 1153; x_wconf 80' lang='grc' dir='ltr'><strong>ἐν</strong></span> <span class='ocrx_word' id='word_1_73' title='bbox 876 1106 1018 1171; x_wconf 78' lang='grc' dir='ltr'><strong><em>ψηφῳ</em></strong></span> <span class='ocrx_word' id='word_1_74' title='bbox 1055 1106 1189 1162; x_wconf 82' lang='grc' dir='ltr'><strong><em>δόξαν</em></strong></span> <span class='ocrx_word' id='word_1_75' title='bbox 1223 1105 1497 1170; x_wconf 80' lang='grc' dir='ltr'><strong><em>ἒπειςαγᾶγη.</em></strong></span> <span class='ocrx_word' id='word_1_76' title='bbox 1521 1108 1553 1162; x_wconf 52' lang='grc' dir='ltr'><strong>’ὶ-</strong></span> 
     </span>
    </p>
   </div>
   <div class='ocr_carea' id='block_1_5' title="bbox 199 1200 1798 3024">
    <p class='ocr_par' dir='ltr' id='par_1_7' title="bbox 199 1200 1798 3024">
     <span class='ocr_line' id='line_1_13' title="bbox 201 1200 1793 1261; baseline 0 -16"><span class='ocrx_word' id='word_1_77' title='bbox 201 1200 309 1245; x_wconf 83' lang='grc' dir='ltr'><strong>Ηοο</strong></span> <span class='ocrx_word' id='word_1_78' title='bbox 351 1215 534 1248; x_wconf 83' lang='lat' dir='ltr'><strong>carmen</strong></span> <span class='ocrx_word' id='word_1_79' title='bbox 586 1202 630 1245; x_wconf 92' lang='lat' dir='ltr'><strong>in</strong></span> <span class='ocrx_word' id='word_1_80' title='bbox 669 1202 869 1248; x_wconf 74' lang='lat' dir='ltr'><strong>,blattam</strong></span> <span class='ocrx_word' id='word_1_81' title='bbox 914 1204 1191 1247; x_wconf 82' lang='lat' dir='ltr'><strong>membranas</strong></span> <span class='ocrx_word' id='word_1_82' title='bbox 1238 1201 1525 1261; x_wconf 88' lang='lat' dir='ltr'><strong>peredentem</strong></span> <span class='ocrx_word' id='word_1_83' title='bbox 1577 1200 1793 1260; x_wconf 86' lang='lat' dir='ltr'><strong>scriptum</strong></span> 
     </span>
     <span class='ocr_line' id='line_1_14' title="bbox 201 1270 1793 1333; baseline 0.001 -18"><span class='ocrx_word' id='word_1_84' title='bbox 201 1285 304 1315; x_wconf 89' lang='lat' dir='ltr'><strong>cum</strong></span> <span class='ocrx_word' id='word_1_85' title='bbox 348 1278 533 1331; x_wconf 90' lang='lat' dir='ltr'><strong>propter</strong></span> <span class='ocrx_word' id='word_1_86' title='bbox 583 1279 900 1332; x_wconf 72' lang='lat' dir='ltr'><strong>argumentum</strong></span> <span class='ocrx_word' id='word_1_87' title='bbox 954 1280 1048 1318; x_wconf 89' lang='lat' dir='ltr'><strong>tum</strong></span> <span class='ocrx_word' id='word_1_88' title='bbox 1095 1279 1278 1333; x_wconf 84' lang='lat' dir='ltr'><strong>propter</strong></span> <span class='ocrx_word' id='word_1_89' title='bbox 1322 1277 1573 1332; x_wconf 78' lang='lat' dir='ltr'><strong>contortum</strong></span> <span class='ocrx_word' id='word_1_90' title='bbox 1611 1270 1793 1319; x_wconf 74' lang='lat' dir='ltr'><strong>‘dicendi</strong></span> 
     </span>
     <span class='ocr_line' id='line_1_15' title="bbox 199 1341 1794 1403; baseline -0.001 -17"><span class='ocrx_word' id='word_1_91' title='bbox 199 1356 345 1401; x_wconf 81' lang='lat' dir='ltr'><strong>genus</strong></span> <span class='ocrx_word' id='word_1_92' title='bbox 383 1341 679 1389; x_wconf 87' lang='lat' dir='ltr'><strong>uehementer.</strong></span> <span class='ocrx_word' id='word_1_93' title='bbox 708 1343 937 1403; x_wconf 86' lang='lat' dir='ltr'><strong>displicet,</strong></span> <span class='ocrx_word' id='word_1_94' title='bbox 991 1359 1130 1403; x_wconf 87' lang='lat' dir='ltr'><strong>quare</strong></span> <span class='ocrx_word' id='word_1_95' title='bbox 1169 1344 1371 1388; x_wconf 91' lang='lat' dir='ltr'><strong>omnibus</strong></span> <span class='ocrx_word' id='word_1_96' title='bbox 1406 1343 1501 1390; x_wconf 77' lang='lat' dir='ltr'><strong>fere</strong></span> <span class='ocrx_word' id='word_1_97' title='bbox 1539 1342 1794 1401; x_wconf 83' lang='lat' dir='ltr'><strong>interpreti-</strong></span> 
     </span>
     <span class='ocr_line' id='line_1_16' title="bbox 201 1411 1794 1472; baseline 0.001 -16"><span class='ocrx_word' id='word_1_98' title='bbox 201 1411 283 1457; x_wconf 85' lang='lat' dir='ltr'><strong>bus</strong></span> <span class='ocrx_word' id='word_1_99' title='bbox 328 1412 597 1472; x_wconf 83' lang='lat' dir='ltr'><strong>corruptelis</strong></span> <span class='ocrx_word' id='word_1_100' title='bbox 642 1413 846 1459; x_wconf 74' lang='lat' dir='ltr'><strong>laborare</strong></span> <span class='ocrx_word' id='word_1_101' title='bbox 895 1414 1036 1459; x_wconf 89' lang='lat' dir='ltr'><strong>uisum</strong></span> <span class='ocrx_word' id='word_1_102' title='bbox 1080 1421 1163 1459; x_wconf 89' lang='lat' dir='ltr'><strong>est.</strong></span> <span class='ocrx_word' id='word_1_103' title='bbox 1235 1415 1310 1460; x_wconf 87' lang='lat' dir='ltr'><strong>Sic</strong></span> <span class='ocrx_word' id='word_1_104' title='bbox 1353 1426 1471 1458; x_wconf 89' lang='lat' dir='ltr'><strong>uers.</strong></span> <span class='ocrx_word' id='word_1_105' title='bbox 1505 1418 1564 1468; x_wconf 66' lang='lat'><strong>25</strong></span> <span class='ocrx_word' id='word_1_106' title='bbox 1615 1413 1659 1457; x_wconf 90' lang='lat' dir='ltr'><strong>in</strong></span> <span class='ocrx_word' id='word_1_107' title='bbox 1704 1427 1794 1471; x_wconf 90' lang='lat' dir='ltr'><strong>quo</strong></span> 
     </span>
     <span class='ocr_line' id='line_1_17' title="bbox 201 1482 1794 1545; baseline 0 -18"><span class='ocrx_word' id='word_1_108' title='bbox 201 1482 335 1527; x_wconf 86' lang='lat' dir='ltr'><strong>etiam</strong></span> <span class='ocrx_word' id='word_1_109' title='bbox 381 1482 609 1542; x_wconf 82' lang='lat' dir='ltr'><strong>displicet,</strong></span> <span class='ocrx_word' id='word_1_110' title='bbox 669 1482 790 1544; x_wconf 85' lang='lat' dir='ltr'><strong>quod</strong></span> <span class='ocrx_word' id='word_1_111' title='bbox 834 1482 1012 1545; x_wconf 80' lang='grc' dir='ltr'><strong><em>φωλάς,</em></strong></span> <span class='ocrx_word' id='word_1_112' title='bbox 1070 1500 1184 1543; x_wconf 82' lang='lat' dir='ltr'><strong>quae</strong></span> <span class='ocrx_word' id='word_1_113' title='bbox 1230 1500 1315 1532; x_wconf 84' lang='lat' dir='ltr'><strong>uox</strong></span> <span class='ocrx_word' id='word_1_114' title='bbox 1361 1484 1554 1528; x_wconf 84' lang='lat' dir='ltr'><strong>maxime</strong></span> <span class='ocrx_word' id='word_1_115' title='bbox 1597 1482 1794 1528; x_wconf 82' lang='lat' dir='ltr'><strong>deseris</strong></span> 
     </span>
     <span class='ocr_line' id='line_1_18' title="bbox 202 1552 1795 1614; baseline 0.001 -18"><span class='ocrx_word' id='word_1_116' title='bbox 202 1553 763 1614; x_wconf 78' lang='lat' dir='ltr'><strong>reptilibusque&#39;usurpari</strong></span> <span class='ocrx_word' id='word_1_117' title='bbox 798 1554 937 1609; x_wconf 82' lang='lat' dir='ltr'><strong>solet,</strong></span> <span class='ocrx_word' id='word_1_118' title='bbox 973 1554 1030 1600; x_wconf 92' lang='lat' dir='ltr'><strong>de</strong></span> <span class='ocrx_word' id='word_1_119' title='bbox 1067 1554 1203 1600; x_wconf 86' lang='lat' dir='ltr'><strong>blatta</strong></span> <span class='ocrx_word' id='word_1_120' title='bbox 1240 1554 1407 1600; x_wconf 90' lang='lat' dir='ltr'><strong>dictum</strong></span> <span class='ocrx_word' id='word_1_121' title='bbox 1442 1560 1534 1609; x_wconf 87' lang='lat' dir='ltr'><strong>est,</strong></span> <span class='ocrx_word' id='word_1_122' title='bbox 1569 1552 1668 1598; x_wconf 92' lang='lat' dir='ltr'><strong>cod.</strong></span> <span class='ocrx_word' id='word_1_123' title='bbox 1694 1552 1795 1602; x_wconf 40' lang='lat' dir='ltr'><strong>Pala</strong></span> 
     </span>
     <span class='ocr_line' id='line_1_19' title="bbox 201 1623 1795 1685; baseline 0.001 -18"><span class='ocrx_word' id='word_1_124' title='bbox 201 1623 470 1682; x_wconf 86' lang='lat' dir='ltr'><strong>scripturam</strong></span> <span class='ocrx_word' id='word_1_125' title='bbox 518 1626 746 1682; x_wconf 82' lang='grc' dir='ltr'><strong><em>κλέμματα</em></strong></span> <span class='ocrx_word' id='word_1_126' title='bbox 796 1626 1001 1672; x_wconf 84' lang='lat' dir='ltr'><strong>exhibuit</strong></span> <span class='ocrx_word' id='word_1_127' title='bbox 1045 1625 1154 1671; x_wconf 76' lang='lat' dir='ltr'><strong>nulli</strong></span> <span class='ocrx_word' id='word_1_128' title='bbox 1199 1626 1494 1683; x_wconf 81' lang='lat' dir='ltr'><strong>interpretum</strong></span> <span class='ocrx_word' id='word_1_129' title='bbox 1547 1625 1795 1685; x_wconf 83' lang='lat' dir='ltr'><strong>probatam,</strong></span> 
     </span>
     <span class='ocr_line' id='line_1_20' title="bbox 202 1693 1796 1754; baseline -0.001 -16"><span class='ocrx_word' id='word_1_130' title='bbox 202 1708 342 1752; x_wconf 88' lang='lat' dir='ltr'><strong>quare</strong></span> <span class='ocrx_word' id='word_1_131' title='bbox 378 1693 490 1739; x_wconf 86' lang='lat' dir='ltr'><strong>alius</strong></span> <span class='ocrx_word' id='word_1_132' title='bbox 525 1694 657 1739; x_wconf 89' lang='lat' dir='ltr'><strong>aliam</strong></span> <span class='ocrx_word' id='word_1_133' title='bbox 693 1695 1048 1741; x_wconf 80' lang='lat' dir='ltr'><strong>emendationem</strong></span> <span class='ocrx_word' id='word_1_134' title='bbox 1086 1695 1329 1754; x_wconf 84' lang='lat' dir='ltr'><strong>proposuit.</strong></span> <span class='ocrx_word' id='word_1_135' title='bbox 1406 1694 1661 1741; x_wconf 78' lang='lat' dir='ltr'><strong>Bruuckius</strong></span> <span class='ocrx_word' id='word_1_136' title='bbox 1695 1708 1796 1738; x_wconf 88' lang='lat' dir='ltr'><strong>cor-</strong></span> 
     </span>
     <span class='ocr_line' id='line_1_21' title="bbox 203 1762 1795 1825; baseline 0.003 -18"><span class='ocrx_word' id='word_1_137' title='bbox 203 1764 324 1808; x_wconf 87' lang='lat' dir='ltr'><strong>rexit</strong></span> <span class='ocrx_word' id='word_1_138' title='bbox 359 1762 586 1823; x_wconf 78' lang='grc' dir='ltr'><strong><em>κτῆματα,</em></strong></span> <span class='ocrx_word' id='word_1_139' title='bbox 622 1766 796 1811; x_wconf 88' lang='lat' dir='ltr'><strong>Iensius</strong></span> <span class='ocrx_word' id='word_1_140' title='bbox 830 1763 1054 1823; x_wconf 61' lang='lat' dir='ltr'><strong>achimam,</strong></span> <span class='ocrx_word' id='word_1_141' title='bbox 1092 1765 1136 1809; x_wconf 92' lang='lat' dir='ltr'><strong>in</strong></span> <span class='ocrx_word' id='word_1_142' title='bbox 1169 1764 1289 1825; x_wconf 92' lang='lat' dir='ltr'><strong>quod</strong></span> <span class='ocrx_word' id='word_1_143' title='bbox 1321 1765 1639 1824; x_wconf 68' lang='lat' dir='ltr'><strong>etiamnuper</strong></span> <span class='ocrx_word' id='word_1_144' title='bbox 1664 1763 1795 1812; x_wconf 84' lang='lat' dir='ltr'><strong>Orel—</strong></span> 
     </span>
     <span class='ocr_line' id='line_1_22' title="bbox 202 1833 1796 1895; baseline 0.001 -17"><span class='ocrx_word' id='word_1_145' title='bbox 202 1833 289 1879; x_wconf 88' lang='lat' dir='ltr'><strong>lius</strong></span> <span class='ocrx_word' id='word_1_146' title='bbox 325 1834 370 1879; x_wconf 91' lang='lat' dir='ltr'><strong>in</strong></span> <span class='ocrx_word' id='word_1_147' title='bbox 406 1835 612 1895; x_wconf 89' lang='lat' dir='ltr'><strong>Append.</strong></span> <span class='ocrx_word' id='word_1_148' title='bbox 648 1835 705 1882; x_wconf 89' lang='lat' dir='ltr'><strong>ad</strong></span> <span class='ocrx_word' id='word_1_149' title='bbox 740 1836 880 1880; x_wconf 89' lang='lat' dir='ltr'><strong>Isocr.</strong></span> <span class='ocrx_word' id='word_1_150' title='bbox 916 1836 1043 1880; x_wconf 83' lang='lat' dir='ltr'><strong>Orat.</strong></span> <span class='ocrx_word' id='word_1_151' title='bbox 1079 1852 1180 1895; x_wconf 83' lang='grc' dir='ltr'><strong>περ.</strong></span> <span class='ocrx_word' id='word_1_152' title='bbox 1217 1833 1357 1881; x_wconf 81' lang='grc' dir='ltr'><strong><em>ἇντιδ.</em></strong></span> <span class='ocrx_word' id='word_1_153' title='bbox 1400 1851 1444 1895; x_wconf 90' lang='lat' dir='ltr'><strong>p.</strong></span> <span class='ocrx_word' id='word_1_154' title='bbox 1482 1839 1595 1880; x_wconf 87' lang='lat'>400.</span> <span class='ocrx_word' id='word_1_155' title='bbox 1640 1833 1796 1881; x_wconf 81' lang='lat' dir='ltr'><strong>incidit</strong></span> 
     </span>
     <span class='ocr_line' id='line_1_23' title="bbox 201 1903 1794 1966; baseline 0.001 -17"><span class='ocrx_word' id='word_1_156' title='bbox 201 1903 339 1965; x_wconf 90' lang='lat' dir='ltr'><strong>idque</strong></span> <span class='ocrx_word' id='word_1_157' title='bbox 374 1906 772 1952; x_wconf 86' lang='lat' dir='ltr'><strong>calamistrato</strong></span> <span class='ocrx_word' id='word_1_158' title='bbox 820 1906 948 1951; x_wconf 90' lang='lat' dir='ltr'><strong>huius</strong></span> <span class='ocrx_word' id='word_1_159' title='bbox 982 1907 1190 1951; x_wconf 84' lang='lat' dir='ltr'><strong>carminis</strong></span> <span class='ocrx_word' id='word_1_160' title='bbox 1225 1906 1402 1952; x_wconf 89' lang='lat' dir='ltr'><strong>dicendi</strong></span> <span class='ocrx_word' id='word_1_161' title='bbox 1437 1905 1595 1966; x_wconf 85' lang='lat' dir='ltr'><strong>generi</strong></span> <span class='ocrx_word' id='word_1_162' title='bbox 1630 1920 1794 1954; x_wconf 84' lang='lat' dir='ltr'><strong>conue-</strong></span> 
     </span>
     <span class='ocr_line' id='line_1_24' title="bbox 203 1975 1795 2035; baseline 0.001 -16"><span class='ocrx_word' id='word_1_163' title='bbox 203 1975 302 2020; x_wconf 89' lang='lat' dir='ltr'><strong>nire</strong></span> <span class='ocrx_word' id='word_1_164' title='bbox 337 1976 616 2032; x_wconf 80' lang='lat' dir='ltr'><strong>existimans3</strong></span> <span class='ocrx_word' id='word_1_165' title='bbox 649 1977 877 2023; x_wconf 86' lang='lat' dir='ltr'><strong>Iacobsius</strong></span> <span class='ocrx_word' id='word_1_166' title='bbox 912 1984 992 2021; x_wconf 90' lang='lat' dir='ltr'><strong>aut</strong></span> <span class='ocrx_word' id='word_1_167' title='bbox 1024 1978 1227 2035; x_wconf 85' lang='grc' dir='ltr'><strong><em>λέμματα</em></strong></span> <span class='ocrx_word' id='word_1_168' title='bbox 1262 1978 1290 2022; x_wconf 85' lang='lat' dir='ltr'><strong>i.</strong></span> <span class='ocrx_word' id='word_1_169' title='bbox 1320 1988 1362 2023; x_wconf 85' lang='lat' dir='ltr'><strong>e.</strong></span> <span class='ocrx_word' id='word_1_170' title='bbox 1397 1976 1599 2033; x_wconf 77' lang='lat' dir='ltr'><strong>chartas,</strong></span> <span class='ocrx_word' id='word_1_171' title='bbox 1635 1976 1795 2035; x_wconf 88' lang='lat' dir='ltr'><strong>quibus</strong></span> 
     </span>
     <span class='ocr_line' id='line_1_25' title="bbox 204 2044 1794 2107; baseline 0 -18"><span class='ocrx_word' id='word_1_172' title='bbox 204 2045 433 2091; x_wconf 85' lang='lat' dir='ltr'><strong>doctrinae</strong></span> <span class='ocrx_word' id='word_1_173' title='bbox 478 2048 672 2092; x_wconf 82' lang='lat' dir='ltr'><strong>thesauri</strong></span> <span class='ocrx_word' id='word_1_174' title='bbox 716 2048 841 2107; x_wconf 84' lang='lat' dir='ltr'><strong>quasi</strong></span> <span class='ocrx_word' id='word_1_175' title='bbox 884 2047 1072 2092; x_wconf 86' lang='lat' dir='ltr'><strong>inuoluti</strong></span> <span class='ocrx_word' id='word_1_176' title='bbox 1115 2054 1378 2102; x_wconf 88' lang='lat' dir='ltr'><strong>teneantur,</strong></span> <span class='ocrx_word' id='word_1_177' title='bbox 1443 2053 1522 2092; x_wconf 84' lang='lat' dir='ltr'><strong>aut</strong></span> <span class='ocrx_word' id='word_1_178' title='bbox 1567 2044 1794 2106; x_wconf 83' lang='grc' dir='ltr'><strong>(σοφίης)</strong></span> 
     </span>
     <span class='ocr_line' id='line_1_26' title="bbox 204 2115 1796 2177; baseline 0 -18"><span class='ocrx_word' id='word_1_179' title='bbox 204 2117 462 2173; x_wconf 81' lang='grc' dir='ltr'><strong><em>σκέμματα,</em></strong></span> <span class='ocrx_word' id='word_1_180' title='bbox 500 2117 696 2177; x_wconf 85' lang='lat' dir='ltr'><strong>cogitata</strong></span> <span class='ocrx_word' id='word_1_181' title='bbox 732 2117 974 2177; x_wconf 79' lang='lat' dir='ltr'><strong>sapientiae</strong></span> <span class='ocrx_word' id='word_1_182' title='bbox 1010 2118 1055 2161; x_wconf 72' lang='lat' dir='ltr'><strong>i.v</strong></span> <span class='ocrx_word' id='word_1_183' title='bbox 1077 2134 1116 2162; x_wconf 91' lang='lat' dir='ltr'><strong>e.</strong></span> <span class='ocrx_word' id='word_1_184' title='bbox 1153 2118 1427 2177; x_wconf 88' lang='lat' dir='ltr'><strong>sapientum,</strong></span> <span class='ocrx_word' id='word_1_185' title='bbox 1462 2116 1594 2161; x_wconf 84' lang='lat' dir='ltr'><strong>scribi</strong></span> <span class='ocrx_word' id='word_1_186' title='bbox 1630 2115 1796 2169; x_wconf 75' lang='lat' dir='ltr'><strong>uoluit;</strong></span> 
     </span>
     <span class='ocr_line' id='line_1_27' title="bbox 203 2185 1796 2248; baseline 0 -19"><span class='ocrx_word' id='word_1_187' title='bbox 203 2186 299 2245; x_wconf 85' lang='lat' dir='ltr'><strong>ipse</strong></span> <span class='ocrx_word' id='word_1_188' title='bbox 343 2186 447 2230; x_wconf 90' lang='lat' dir='ltr'><strong>olim</strong></span> <span class='ocrx_word' id='word_1_189' title='bbox 493 2187 549 2231; x_wconf 92' lang='lat' dir='ltr'><strong>de</strong></span> <span class='ocrx_word' id='word_1_190' title='bbox 593 2188 870 2232; x_wconf 83' lang='lat' dir='ltr'><strong>correctione</strong></span> <span class='ocrx_word' id='word_1_191' title='bbox 921 2185 1158 2245; x_wconf 80' lang='grc' dir='ltr'><strong><em>χναόματα</em></strong></span> <span class='ocrx_word' id='word_1_192' title='bbox 1208 2187 1428 2248; x_wconf 82' lang='lat' dir='ltr'><strong>cogitaui:</strong></span> <span class='ocrx_word' id='word_1_193' title='bbox 1487 2185 1565 2231; x_wconf 89' lang='lat' dir='ltr'><strong>sed</strong></span> <span class='ocrx_word' id='word_1_194' title='bbox 1610 2185 1796 2244; x_wconf 78' lang='lat' dir='ltr'><strong>uulgata</strong></span> 
     </span>
     <span class='ocr_line' id='line_1_28' title="bbox 202 2256 1796 2318; baseline 0 -18"><span class='ocrx_word' id='word_1_195' title='bbox 202 2256 426 2316; x_wconf 86' lang='lat' dir='ltr'><strong>scriptura</strong></span> <span class='ocrx_word' id='word_1_196' title='bbox 463 2272 741 2316; x_wconf 83' lang='lat' dir='ltr'><strong>nequaquam</strong></span> <span class='ocrx_word' id='word_1_197' title='bbox 779 2260 840 2303; x_wconf 90' lang='lat' dir='ltr'><strong>ita</strong></span> <span class='ocrx_word' id='word_1_198' title='bbox 872 2266 1128 2317; x_wconf 81' lang='lat' dir='ltr'><strong>comparata</strong></span> <span class='ocrx_word' id='word_1_199' title='bbox 1159 2265 1251 2311; x_wconf 90' lang='lat' dir='ltr'><strong>est,</strong></span> <span class='ocrx_word' id='word_1_200' title='bbox 1287 2265 1338 2303; x_wconf 91' lang='lat' dir='ltr'><strong>ut</strong></span> <span class='ocrx_word' id='word_1_201' title='bbox 1373 2256 1581 2301; x_wconf 85' lang='lat' dir='ltr'><strong>nullam</strong></span> <span class='ocrx_word' id='word_1_202' title='bbox 1619 2262 1796 2318; x_wconf 79' lang='lat' dir='ltr'><strong>senten-</strong></span> 
     </span>
     <span class='ocr_line' id='line_1_29' title="bbox 202 2325 1792 2386; baseline 0 -15"><span class='ocrx_word' id='word_1_203' title='bbox 202 2327 310 2371; x_wconf 88' lang='lat' dir='ltr'><strong>tiam</strong></span> <span class='ocrx_word' id='word_1_204' title='bbox 355 2328 594 2386; x_wconf 86' lang='lat' dir='ltr'><strong>praebeat,</strong></span> <span class='ocrx_word' id='word_1_205' title='bbox 642 2339 780 2386; x_wconf 90' lang='lat' dir='ltr'><strong>quare</strong></span> <span class='ocrx_word' id='word_1_206' title='bbox 822 2329 1065 2373; x_wconf 85' lang='lat' dir='ltr'><strong>mutatione</strong></span> <span class='ocrx_word' id='word_1_207' title='bbox 1111 2328 1296 2372; x_wconf 82' lang='lat' dir='ltr'><strong>sortasse</strong></span> <span class='ocrx_word' id='word_1_208' title='bbox 1341 2325 1649 2371; x_wconf 85' lang='lat' dir='ltr'><strong>abstinendum</strong></span> <span class='ocrx_word' id='word_1_209' title='bbox 1693 2327 1792 2371; x_wconf 88' lang='lat' dir='ltr'><strong>erit.</strong></span> 
     </span>
     <span class='ocr_line' id='line_1_30' title="bbox 201 2396 1794 2452; baseline -0.001 -10"><span class='ocrx_word' id='word_1_210' title='bbox 201 2396 332 2443; x_wconf 91' lang='lat' dir='ltr'><strong>Idem</strong></span> <span class='ocrx_word' id='word_1_211' title='bbox 377 2398 516 2443; x_wconf 87' lang='lat' dir='ltr'><strong>sensit</strong></span> <span class='ocrx_word' id='word_1_212' title='bbox 560 2398 771 2442; x_wconf 86' lang='lat' dir='ltr'><strong>Reiskius</strong></span> <span class='ocrx_word' id='word_1_213' title='bbox 815 2398 876 2441; x_wconf 86' lang='lat' dir='ltr'><strong>ita</strong></span> <span class='ocrx_word' id='word_1_214' title='bbox 923 2406 1125 2442; x_wconf 85' lang='lat' dir='ltr'><strong>uertens:</strong></span> <span class='ocrx_word' id='word_1_215' title='bbox 1188 2398 1414 2451; x_wconf 81' lang='lat' dir='ltr'><strong>„Maxime</strong></span> <span class='ocrx_word' id='word_1_216' title='bbox 1462 2412 1594 2440; x_wconf 84' lang='lat' dir='ltr'><strong>exosa</strong></span> <span class='ocrx_word' id='word_1_217' title='bbox 1618 2397 1794 2452; x_wconf 66' lang='lat' dir='ltr'><strong>&#39;Musis‚</strong></span> 
     </span>
     <span class='ocr_line' id='line_1_31' title="bbox 202 2466 1797 2528; baseline -0.001 -17"><span class='ocrx_word' id='word_1_218' title='bbox 202 2467 368 2523; x_wconf 87' lang='lat' dir='ltr'><strong>blatta,</strong></span> <span class='ocrx_word' id='word_1_219' title='bbox 413 2483 528 2528; x_wconf 89' lang='lat' dir='ltr'><strong>quae</strong></span> <span class='ocrx_word' id='word_1_220' title='bbox 561 2467 739 2513; x_wconf 89' lang='lat' dir='ltr'><strong>chartas</strong></span> <span class='ocrx_word' id='word_1_221' title='bbox 775 2466 952 2527; x_wconf 89' lang='lat' dir='ltr'><strong>peredis</strong></span> <span class='ocrx_word' id='word_1_222' title='bbox 986 2474 1033 2512; x_wconf 87' lang='lat' dir='ltr'><strong>et</strong></span> <span class='ocrx_word' id='word_1_223' title='bbox 1066 2467 1316 2527; x_wconf 88' lang='lat' dir='ltr'><strong>corrumpis</strong></span> <span class='ocrx_word' id='word_1_224' title='bbox 1352 2467 1537 2511; x_wconf 91' lang='lat' dir='ltr'><strong>obscuro</strong></span> <span class='ocrx_word' id='word_1_225' title='bbox 1566 2466 1610 2511; x_wconf 92' lang='lat' dir='ltr'><strong>in</strong></span> <span class='ocrx_word' id='word_1_226' title='bbox 1640 2466 1797 2521; x_wconf 88' lang='lat' dir='ltr'><strong>lustro,</strong></span> 
     </span>
     <span class='ocr_line' id='line_1_32' title="bbox 204 2536 1797 2597; baseline 0 -15"><span class='ocrx_word' id='word_1_227' title='bbox 204 2554 379 2597; x_wconf 84' lang='lat' dir='ltr'><strong>semper</strong></span> <span class='ocrx_word' id='word_1_228' title='bbox 415 2539 594 2583; x_wconf 81' lang='lat' dir='ltr'><strong>furtiuis</strong></span> <span class='ocrx_word' id='word_1_229' title='bbox 631 2538 755 2582; x_wconf 90' lang='lat' dir='ltr'><strong>micis</strong></span> <span class='ocrx_word' id='word_1_230' title='bbox 790 2541 970 2597; x_wconf 86' lang='lat' dir='ltr'><strong>pasta.“</strong></span> <span class='ocrx_word' id='word_1_231' title='bbox 1030 2563 1098 2571; x_wconf 88' lang='lat'><strong>—-</strong></span> <span class='ocrx_word' id='word_1_232' title='bbox 1149 2539 1225 2584; x_wconf 85' lang='lat' dir='ltr'><strong>Vs.</strong></span> <span class='ocrx_word' id='word_1_233' title='bbox 1262 2542 1308 2583; x_wconf 86' lang='lat'><strong>3.</strong></span> <span class='ocrx_word' id='word_1_234' title='bbox 1355 2536 1675 2597; x_wconf 79' lang='grc' dir='ltr'><strong><em>κελαινόχρως)</em></strong></span> <span class='ocrx_word' id='word_1_235' title='bbox 1712 2537 1797 2582; x_wconf 82' lang='lat' dir='ltr'><strong>hoo</strong></span> 
     </span>
     <span class='ocr_line' id='line_1_33' title="bbox 205 2607 1796 2669; baseline 0 -17"><span class='ocrx_word' id='word_1_236' title='bbox 205 2608 457 2669; x_wconf 85' lang='lat' dir='ltr'><strong>epitheton,</strong></span> <span class='ocrx_word' id='word_1_237' title='bbox 492 2625 582 2669; x_wconf 89' lang='lat' dir='ltr'><strong>quo</strong></span> <span class='ocrx_word' id='word_1_238' title='bbox 618 2610 716 2654; x_wconf 91' lang='lat' dir='ltr'><strong>i-ure</strong></span> <span class='ocrx_word' id='word_1_239' title='bbox 752 2608 918 2654; x_wconf 85' lang='lat' dir='ltr'><strong>blattae</strong></span> <span class='ocrx_word' id='word_1_240' title='bbox 954 2609 1216 2664; x_wconf 88' lang='lat' dir='ltr'><strong>conueniat,</strong></span> <span class='ocrx_word' id='word_1_241' title='bbox 1252 2607 1432 2653; x_wconf 78' lang='lat' dir='ltr'><strong>difficile</strong></span> <span class='ocrx_word' id='word_1_242' title='bbox 1468 2616 1535 2653; x_wconf 89' lang='lat' dir='ltr'><strong>est</strong></span> <span class='ocrx_word' id='word_1_243' title='bbox 1559 2607 1614 2653; x_wconf 87' lang='lat' dir='ltr'><strong>ad</strong></span> <span class='ocrx_word' id='word_1_244' title='bbox 1643 2607 1796 2656; x_wconf 85' lang='lat' dir='ltr'><strong>dicen-</strong></span> 
     </span>
     <span class='ocr_line' id='line_1_34' title="bbox 205 2677 1798 2738; baseline -0.002 -15"><span class='ocrx_word' id='word_1_245' title='bbox 205 2677 330 2723; x_wconf 85' lang='lat' dir='ltr'><strong>dum.</strong></span> <span class='ocrx_word' id='word_1_246' title='bbox 388 2680 688 2725; x_wconf 87' lang='lat' dir='ltr'><strong>Schneiderus</strong></span> <span class='ocrx_word' id='word_1_247' title='bbox 718 2679 775 2724; x_wconf 85' lang='lat' dir='ltr'><strong>ad</strong></span> <span class='ocrx_word' id='word_1_248' title='bbox 802 2679 1020 2725; x_wconf 89' lang='lat' dir='ltr'><strong>Nicandr.</strong></span> <span class='ocrx_word' id='word_1_249' title='bbox 1048 2679 1254 2738; x_wconf 78' lang='lat' dir='ltr'><strong>Alexiph.</strong></span> <span class='ocrx_word' id='word_1_250' title='bbox 1290 2695 1333 2738; x_wconf 75' lang='lat' dir='ltr'><strong>p,</strong></span> <span class='ocrx_word' id='word_1_251' title='bbox 1358 2678 1666 2733; x_wconf 37' lang='lat' dir='ltr'><strong>-1,17,&gt;ubi,i,n</strong></span> <span class='ocrx_word' id='word_1_252' title='bbox 1702 2678 1798 2726; x_wconf 84' lang='lat' dir='ltr'><strong>uni-</strong></span> 
     </span>
     <span class='ocr_line' id='line_1_35' title="bbox 204 2747 1797 2811; baseline -0.001 -17"><span class='ocrx_word' id='word_1_253' title='bbox 204 2763 387 2794; x_wconf 90' lang='lat' dir='ltr'><strong>uersum</strong></span> <span class='ocrx_word' id='word_1_254' title='bbox 425 2748 554 2795; x_wconf 88' lang='lat' dir='ltr'><strong>docte</strong></span> <span class='ocrx_word' id='word_1_255' title='bbox 589 2750 646 2799; x_wconf 85' lang='lat' dir='ltr'><strong>de</strong></span> <span class='ocrx_word' id='word_1_256' title='bbox 681 2749 833 2810; x_wconf 85' lang='lat' dir='ltr'><strong>silpbis</strong></span> <span class='ocrx_word' id='word_1_257' title='bbox 867 2751 967 2811; x_wconf 85' lang='lat' dir='ltr'><strong>agit</strong></span> <span class='ocrx_word' id='word_1_258' title='bbox 1001 2758 1047 2797; x_wconf 88' lang='lat' dir='ltr'><strong>et</strong></span> <span class='ocrx_word' id='word_1_259' title='bbox 1082 2750 1213 2797; x_wconf 87' lang='lat' dir='ltr'><strong>huius</strong></span> <span class='ocrx_word' id='word_1_260' title='bbox 1248 2751 1381 2795; x_wconf 88' lang='lat' dir='ltr'><strong>etiam</strong></span> <span class='ocrx_word' id='word_1_261' title='bbox 1410 2749 1557 2795; x_wconf 86' lang='lat' dir='ltr'><strong>Eueni</strong></span> <span class='ocrx_word' id='word_1_262' title='bbox 1589 2747 1797 2795; x_wconf 85' lang='lat' dir='ltr'><strong>carminis</strong></span> 
     </span>
     <span class='ocr_line' id='line_1_36' title="bbox 203 2812 1795 2882; baseline -0.002 -17"><span class='ocrx_word' id='word_1_263' title='bbox 203 2820 477 2865; x_wconf 87' lang='lat' dir='ltr'><strong>mentionem</strong></span> <span class='ocrx_word' id='word_1_264' title='bbox 514 2821 619 2866; x_wconf 79' lang='lat' dir='ltr'><strong>facit</strong></span> <span class='ocrx_word' id='word_1_265' title='bbox 630 2854 644 2877; x_wconf 86' lang='lat'>‚</span> <span class='ocrx_word' id='word_1_266' title='bbox 680 2821 860 2865; x_wconf 91' lang='lat' dir='ltr'><strong>omnino</strong></span> <span class='ocrx_word' id='word_1_267' title='bbox 896 2827 1074 2866; x_wconf 84' lang='lat' dir='ltr'><strong>ueteres</strong></span> <span class='ocrx_word' id='word_1_268' title='bbox 1110 2821 1239 2881; x_wconf 88' lang='lat' dir='ltr'><strong>plura</strong></span> <span class='ocrx_word' id='word_1_269' title='bbox 1275 2828 1321 2865; x_wconf 92' lang='lat' dir='ltr'><strong>et</strong></span> <span class='ocrx_word' id='word_1_270' title='bbox 1348 2812 1478 2882; x_wconf 85' lang='lat' dir='ltr'><strong>plane</strong></span> <span class='ocrx_word' id='word_1_271' title='bbox 1513 2819 1691 2864; x_wconf 89' lang='lat' dir='ltr'><strong>diuersa</strong></span> <span class='ocrx_word' id='word_1_272' title='bbox 1728 2818 1795 2863; x_wconf 93' lang='lat' dir='ltr'><strong>in-</strong></span> 
     </span>
     <span class='ocr_line' id='line_1_37' title="bbox 204 2884 1797 2957; baseline -0.001 -20"><span class='ocrx_word' id='word_1_273' title='bbox 204 2898 428 2937; x_wconf 87' lang='lat' dir='ltr'><strong>sectorum</strong></span> <span class='ocrx_word' id='word_1_274' title='bbox 467 2905 638 2951; x_wconf 83' lang='lat' dir='ltr'><strong>genera</strong></span> <span class='ocrx_word' id='word_1_275' title='bbox 672 2893 897 2938; x_wconf 91' lang='lat' dir='ltr'><strong>communi</strong></span> <span class='ocrx_word' id='word_1_276' title='bbox 933 2884 1102 2951; x_wconf 83' lang='lat' dir='ltr'><strong>silpbae</strong></span> <span class='ocrx_word' id='word_1_277' title='bbox 1137 2892 1390 2952; x_wconf 79' lang='lat' dir='ltr'><strong>blattaeque</strong></span> <span class='ocrx_word' id='word_1_278' title='bbox 1435 2890 1797 2957; x_wconf 22' lang='lat' dir='ltr'><strong>nomine-..appel-</strong></span> 
     </span>
     <span class='ocr_line' id='line_1_38' title="bbox 207 2956 1795 3024; baseline -0.001 -17"><span class='ocrx_word' id='word_1_279' title='bbox 207 2962 343 3020; x_wconf 85' lang='lat' dir='ltr'><strong>lasse,</strong></span> <span class='ocrx_word' id='word_1_280' title='bbox 379 2979 495 3024; x_wconf 87' lang='lat' dir='ltr'><strong>quae</strong></span> <span class='ocrx_word' id='word_1_281' title='bbox 533 2961 662 3008; x_wconf 88' lang='lat' dir='ltr'><strong>hodie</strong></span> <span class='ocrx_word' id='word_1_282' title='bbox 697 2962 940 3009; x_wconf 84' lang='lat' dir='ltr'><strong>difficulter</strong></span> <span class='ocrx_word' id='word_1_283' title='bbox 976 2962 1193 3023; x_wconf 83' lang='lat' dir='ltr'><strong>distingui</strong></span> <span class='ocrx_word' id='word_1_284' title='bbox 1228 2963 1421 3023; x_wconf 86' lang='lat' dir='ltr'><strong>possint,</strong></span> <span class='ocrx_word' id='word_1_285' title='bbox 1464 2956 1702 3013; x_wconf 82' lang='lat' dir='ltr'><strong>existimat.</strong></span> <span class='ocrx_word' id='word_1_286' title='bbox 1726 2985 1795 2995; x_wconf 90' lang='lat'>—</span> 
     </span>
    </p>
   </div>
  </div>
 </body>
</html>
