1943 3223
203 377 573 424 consuetudinem
605 375 809 435 abisset,
825 379 1095 439 expressisse
1123 385 1267 439 putat.
1314 380 1386 425 Ita
1410 392 1522 427 uero
1546 380 1617 427 hic
1641 393 1797 426 uersus

203 464 230 494 a
256 448 503 497 Plutarcho
526 449 584 495 de
606 463 746 494 amor.
770 449 886 509 prol.
909 465 954 510 p.
976 452 1093 502 497.
1111 453 1165 494 A.
1201 448 1360 510 (Tom-
1376 449 1485 495 VII.
1519 466 1563 511 p.
1584 455 1701 500 933.
1725 450 1797 496 ed.

203 517 390 582 Reisk.)
422 517 641 566 traditum
721 531 733 538 ‘

398 587 511 644 Ἴδε,
547 588 630 649 ὅση
653 588 771 650 λύπη
794 596 903 641 παῒς
924 594 1066 652 πατρὶ
1087 588 1242 636 πάντα
1264 589 1441 652 χρόνον.

202 672 456 732 Corruptus
479 671 552 717 hic
576 685 733 717 uersus
756 673 1014 754 corruptior
1037 679 1162 719 extat
1182 687 1254 733 ap.
1273 673 1545 719 Artemidor.
1565 643 1799 717 Oneirocr.

203 742 243 786 I.
276 747 353 788 16.
385 756 622 802 suppresso
646 741 795 787 Eueni
820 740 999 788 nomine

401 808 479 863 Ὡς
501 810 669 863 υἱοῦς“
646 831 672 871 η
695 811 813 872 λύπη
836 818 944 864 παῖς
966 816 1107 874 πατρὶ
1129 808 1285 859 πάντα
1301 812 1485 874 χρόνον.

201 895 380 939 Rursus
402 894 490 939 alio
516 893 649 940 modo
681 894 798 941 idem
824 894 994 956 legitur
1025 912 1096 956 ap.
1121 896 1359 941 Hermiam
1393 894 1471 957 (in
1506 901 1796 941 commentar.

200 965 245 1008 in
271 964 454 1009 Platon.
480 963 677 1010 Phaedr.
709 965 766 1010 ad
800 982 843 1025 p.
868 971 986 1012 267.
1032 969 1085 1011 A.
1111 965 1221 1011 haec
1253 966 1497 1012 dicentem:
1532 966 1799 1023 θαυμαστός

201 1034 251 1080 δὲ
274 1035 450 1091 ἐγένετο
474 1032 679 1099 Εὔηνος.
699 1040 774 1080 καὶ
798 1033 995 1092 ἀλλαχοῦ
1019 1032 1382 1082 αύτόνέπαινεῒ·
1396 1034 1468 1088 χὃς
1489 1040 1565 1081 καὶ
1587 1036 1668 1082 τὸν
1693 1037 1794 1094 ἴαμ-

199 1109 282 1161 βον
310 1102 514 1167 [corrige
537 1103 870 1168 πενταμέτρον]
898 1110 1061 1151 τοῦτον
1084 1106 1206 1151 εἷπε.
1239 1105 1315 1166 *))

413 1173 557 1233 Φόβος
581 1173 606 1235 ἢ
628 1173 745 1235 λύπη
769 1182 878 1227 παῖς
900 1180 1041 1237 πατρὶ
1063 1173 1218 1222 πάντα
1241 1178 1352 1234 βίον.

203 1257 390 1302 Primus
405 1258 610 1317 Rigaltio
634 1257 693 1302 ad
713 1258 986 1305 Artemidor.
1012 1258 1041 1303 l.
1061 1275 1101 1304 c.
1126 1266 1241 1305 teste
1264 1259 1413 1304 uersui
1437 1257 1608 1303 studuit
1632 1252 1801 1303 mederi

199 1328 259 1372 Is.
287 1320 578 1373 Casaubonus
604 1329 829 1388 proposita
854 1324 1076 1390 scriptura

400 1398 544 1452 [Εἶδεν
567 1396 650 1457 ὅση
673 1397 791 1458 λύπη
814 1405 924 1450 παῖς
946 1404 1088 1459 πατρὶ,
1108 1397 1273 1444 πάιὶτα
1286 1397 1467 1459 χρόνον,
1846 1460 1854 1463 χ

198 1487 355 1525 contra
379 1481 470 1525 Iac.
497 1480 672 1524 Tollius
696 1478 923 1540 (Fortuit.
947 1497 987 1525 c.
1020 1486 1096 1526 11.
1122 1497 1166 1540 p.
1194 1479 1304 1541 84.)
1338 1482 1401 1525 sic
1424 1481 1638 1539 scriptum
1665 1480 1799 1525 fuisse

198 1550 413 1596 coniecit:

398 1616 477 1670 ε,Ως
497 1616 592 1669 ὖιός
614 1616 642 1684 ᾖ
663 1617 781 1678 λύπη
804 1623 895 1670 πᾶς
917 1625 1058 1681 πατρὶ
1080 1618 1235 1666 πάντα
1257 1618 1438 1681 χρόνον,

198 1706 284 1751 qua
310 1689 622 1735 emendatione
648 1691 691 1734 in
717 1691 850 1735 metri
875 1690 989 1751 legis
1012 1691 1231 1752 peccauit.

292 1772 688 1831 supersedendum
722 1780 873 1817 autem
904 1788 1000 1817 esse
1027 1774 1230 1817 omnibus
1253 1771 1519 1818 coniecturis
1544 1786 1645 1815 mox
1672 1778 1796 1830 pate-

197 1842 262 1887 bit
285 1842 392 1887 satis
416 1857 635 1902 perpensa
660 1843 882 1902 scriptura

396 1911 462 1956 ”H
479 1913 578 1963 δέος
601 1911 627 1971 ἢ
649 1911 767 1971 λύπη
792 1918 901 1963 παῖς
923 1917 1064 1972 πατρὶ
1087 1910 1240 1958 πάντα
1262 1910 1442 1972 χρόνον,

197 2010 328 2056 quam
362 1994 403 2039 I.
428 1995 648 2040 Gronouii
676 1990 839 2040 indicio
863 1995 1056 2055 optimus
1081 1994 1353 2040 Artemidori
1387 1992 1530 2039 codex
1562 1993 1791 2040 Mediceus

196 2067 405 2125 praebet,
451 2066 616 2125 quippe
660 2081 716 2109 ex
756 2081 844 2125 qua
876 2066 1084 2110 facillime
1118 2065 1331 2125 explicari
1366 2065 1526 2124 possit,
1570 2064 1793 2125 quomodo

196 2152 311 2195 quae
336 2135 457 2195 apud
483 2134 778 2192 Plutarchum
802 2143 928 2181 extat
951 2136 1172 2196 scriptura
1197 2142 1296 2181 orta
1319 2136 1390 2180 sit.
1428 2157 1431 2160 ¹

938 2240 989 2297 6.
1012 2269 1054 2297 a.

292 2345 554 2391 Aristoteles
587 2343 804 2404 (Rhetor.
831 2346 870 2390 I.
903 2345 1007 2405 11.)
1043 2346 1160 2390 hunc
1185 2351 1511 2404 pentametrum
1537 2344 1645 2390 citat

403 2417 511 2460 Πᾶν
533 2415 615 2474 γὰρ
640 2413 883 2471 ἇιαγκαῒον
905 2413 1078 2476 πρᾶγμ’
1108 2413 1297 2474 ἀνιαρὸν
1322 2415 1428 2474 ἔφυ.

198 2487 356 2530 omisso
382 2487 560 2530 nomine
585 2492 759 2544 poetae,
783 2494 932 2530 tamen
957 2487 1013 2530 ab
1035 2486 1194 2530 Eueno
1217 2484 1336 2530 hunc
1362 2498 1540 2529 uersum
1567 2500 1662 2530 esse
1685 2501 1788 2544 pro—

196 2556 387 2611 fectum,
422 2573 479 2602 ex
513 2555 711 2609 eiusdem
735 2550 920 2601 Aristot.
956 2555 1105 2601 Ethic.
1128 2555 1322 2602 Eudem'.
1347 2556 1412 2601 II.
1442 2561 1499 2610 7,
1537 2555 1787 2616 Metaphys.

196 2627 281 2673 IV.
309 2630 354 2672 5.
387 2636 432 2672 et
466 2627 698 2671 Plutarch.
733 2642 819 2670 non
853 2643 968 2686 poss.
1001 2642 1125 2671 suau.
1160 2628 1253 2671 uiu.
1278 2626 1459 2671 secund.
1484 2625 1613 2684 Epic.
1645 2643 1684 2671 c.
1706 2633 1787 2672 21.

196 2696 423 2753 discimuS,
457 2698 531 2743 ubi
555 2696 707 2742 addito
732 2704 889 2757 poetae
913 2697 1061 2743 Eueni
1087 2699 1263 2744 nomine
1287 2697 1469 2772 legitur.
1522 2695 1650 2742 Idem
1678 2712 1787 2741 uero

196 2784 355 2814 uersus
386 2775 510 2812 extat
541 2769 586 2813 111
618 2770 816 2814 carmine
850 2768 1041 2830 quodam
1075 2768 1323 2830 elegiaco,
1343 2769 1463 2829 quod
1497 2782 1657 2815 omnes
1681 2764 1787 2813 fere

253 2931 288 2978 *)
309 2930 368 2970 Ex
388 2928 467 2969 hoc
485 2930 573 2968 loeo
588 2929 703 2969 simul
718 2939 836 2983 patet,
857 2931 906 2972 ab
926 2930 1057 2971 Eueno
1078 2931 1219 2972 maiore
1238 2931 1412 2972 effictum
1433 2931 1561 2970 uisum
1582 2943 1655 2972 esse
1675 2931 1785 2972 illum

312 2996 586 3042 pentametrum
610 2988 796 3028 Hermiae.
