1943 3223
970 180 1062 229 48

222 343 420 404 collegit.
454 367 523 376 —
557 343 828 402 Hospites
863 352 1081 389 uocantur
1104 342 1297 387 hirundo
1320 350 1366 388 et
1388 344 1568 400 cicada,
1599 344 1807 404 quoniam

147 428 150 431 ·
224 423 413 473 utraque
435 413 637 472 auis'per
658 419 871 460 aestatem
897 420 1066 459 tantum
1090 413 1426 473 ex‘peregrinis
1449 414 1705 474 regionibus
1727 414 1809 459 ad-

223 490 409 529 uentare
433 485 687 543 putabatur.
731 482 789 528 cf.
812 484 979 529 Anacr.
992 482 1232 529 XXXIII.
1271 483 1329 529 1.'
1361 482 1417 528 σῦ
1449 486 1557 541 μὲν,
1601 485 1707 545 φίλη
1738 501 1808 542 χε-

220 553 370 607 λιδόν,
420 552 596 612 Ἐτησίη
633 552 871 610 μολοῦσα,
926 554 1060 615 Θέρει
1090 552 1267 603 Απλέκεις
1298 551 1478 611 καλιήν,
1524 555 1737 611 Χειμῶνι,ι
1763 552 1807 599 δ’

220 625 282 675 εἷς
314 621 518 684 ἄφαντος
547 621 611 667 ³¹11
637 624 845 676 Νεῖλον,Ι
876 620 903 682 ἢ
938 621 1011 687 ’γτῐ
1043 624 1247 682 Μέμφιν.
1287 648 1352 657 -
1398 623 1505 668 Mox
1537 623 1584 668 in
1615 624 1808 670 Planud.

220 692 380 755 ἇρινόν
401 693 577 754 ἧαρινά,
603 694 722 753 quod
746 700 872 738 extat
896 693 940 737 in
968 695 1087 740 lectt.
1108 693 1255 738 Aldin.
1280 708 1374 752 pr.;
1399 710 1500 740 nam
1525 695 1569 738 in
1594 701 1809 740 contextu

219 764 350 810 huius
367 765 571 809 editionis
589 771 636 808 et
656 764 698 807 in
720 763 827 809 edit.
846 763 973 809 Flor.
998 762 1157 825 ἢαρινά
1175 772 1220 808 et
1244 760 1402 824 ἄερινά
1425 764 1608 825 legitur.
1650 765 1811 811 Valck-

220 836 277 880 ad
303 835 461 895 Eurip.
487 833 727 894 Hippolyt.
760 843 1021 881 correxerat
1043 833 1195 895 ἦρινόν
1219 835 1420 895 εἰαρινά,
1456 835 1577 895 quod
1601 852 1705 880 sane
1729 834 1809 880 ad-

221 906 400 949 modum
436 905 659 965 placeret,
695 905 776 950 nisi
808 903 950 949 codex
985 905 1259 951 uerissimam
1293 912 1514 950 seruasset
1542 905 1807 965 scripturam

217 976 404 1035 θερινὸν
433 974 610 1035 θερινά.
660 975 730 1019 Cf.
756 974 877 1020 Plat.
903 974 1097 1022 Phaedr.
1130 991 1175 1035 p.
1204 980 1319 1022 230.
1345 977 1398 1021 C.
1439 973 1625 1035 θερινόν
1650 992 1699 1021 τε
1733 981 1808 1020 καὶ

216 1046 395 1106 λιγυρὸν
416 1044 581 1104 ὑπηχεῖ
598 1048 662 1104 τῷ
688 1048 780 1090 τῶν
810 1049 1022 1102 τεττίγων
1043 1049 1174 1105 χορῷ.
1208 1070 1280 1079 ·-
1322 1047 1398 1090 Vs.
1423 1049 1469 1093 5.
1501 1043 1656 1101 Κοῧχί.
1706 1045 1807 1091 Pal.

219 1126 412 1177 utroque
435 1118 548 1171 loco,
572 1113 683 1171 οὗχῐ.
725 1116 854 1161 Plan.
875 1116 955 1162 ΒΓ.
977 1116 1193 1177 Copulam
1220 1130 1307 1160 non
1332 1118 1427 1161 sine
1449 1117 1675 1175 grauitate
1699 1132 1808 1176 qua-

218 1188 333 1232 dam.
347 1187 709 1246 interrogationis
732 1186 932 1231 additam
954 1203 1075 1242 esse,
1110 1194 1231 1231 recte
1264 1186 1348 1230 iam
1374 1186 1559 1231 adnotat
1581 1186 1807 1231 Iacobsius

217 1258 438 1317 huiusque
464 1273 568 1302 usus
591 1256 724 1301 affert
747 1257 967 1316 exempla.
1005 1282 1074 1290 —
1123 1254 1190 1302 Οὖ
1213 1256 1294 1316 γὰρ
1317 1259 1447 1314 θέμις
1470 1254 1572 1302 οὐδὲ
1596 1256 1804 1311 δίκαιον).

216 1328 368 1372 Etiam
403 1328 448 1371 in
481 1326 743 1372 animalibus
775 1327 843 1371 sui
873 1327 1055 1387 generis
1086 1327 1292 1371 animalia
1327 1326 1505 1372 laedere
1530 1326 1650 1371 nefas
1675 1326 1807 1371 habe-

217 1399 364 1442 batur.
410 1397 481 1442 Cs.
517 1396 672 1442 Aesch.
708 1397 840 1456 sgtm.
864 1414 935 1456 ap.
972 1396 1095 1440 Plut.
1131 1398 1188 1441 T.
1212 1397 1278 1441 II.
1314 1413 1365 1456 p.
1387 1403 1501 1443 286.
1537 1393 1808 1456 C.‘‹'59vb309

216 1465 336 1527 ὅρνις
358 1471 454 1517 πῶς
476 1465 535 1511 ἂν
558 1464 735 1521 ἁγνεύοι
758 1465 929 1524 φαγών.
955 1490 1023 1499 —-
1048 1467 1124 1511 Vs.
1146 1472 1191 1512 6.
1216 1463 1370 1511 Hmvffl
1393 1467 1440 1511 et
1464 1464 1676 1523 στόμασι,
1704 1466 1804 1510 Pal.

216 1539 366 1598 priore
400 1538 522 1591 loco,
559 1533 781 1582 ὅλλυσθαι
813 1544 858 1582 et
893 1533 1142 1593 στόμασιν,
1185 1536 1343 1581 altero.
1399 1535 1531 1596 Apud
1555 1536 1804 1581 Iacobsium

215 1609 429 1669 scriptum
454 1614 522 1651 est
545 1623 699 1651 errore
725 1606 1050 1667 (typographi)
1080 1605 1391 1658 ὑπνοπόλουςς
1423 1607 1587 1651 etenim
1614 1623 1700 1650 non
1726 1623 1806 1669 ex-

217 1686 281 1723 tat
307 1694 393 1722 uox
419 1675 688 1727 ὑπνοπόλος.
739 1675 1018 1734 εῩμνοπόλος
1048 1677 1242 1736 explicat
1264 1676 1424 1722 Suidas
1448 1677 1617 1722 uerbis:
1653 1674 1677 1722 ὁ
1701 1682 1807 1737 περὶ

215 1748 317 1798 τοὺς
339 1747 501 1804 ὕμνους
524 1744 929 1806 ἀναστρεφόμενος.
972 1747 1028 1791 cs.
1054 1747 1338 1791 Phalaridem
1364 1745 1478 1806 (Ep.
1499 1746 1607 1807 96.)
1633 1746 1689 1790 de
1705 1747 1806 1791 Ste-

216 1818 390 1864 sichoro
415 1818 658 1863 dicentem:
688 1834 742 1863 ον
764 1817 811 1872 ἐξ
834 1815 1050 1863 ἁπάντων
1072 1835 1121 1861 αι
1143 1814 1464 1877 καθαρώταται
1486 1821 1595 1863 θεαὶ
1617 1818 1806 1863 Μοῦσαι

215 1886 526 1949 προῦτῖμησαν
548 1889 705 1948 (codd.
724 1881 779 1932 A'.
795 1889 851 1934 Β,
870 1889 924 1932 C.
951 1887 1086 1947 Angl.
1110 1888 1181 1932 ed.
1209 1889 1410 1948 Lennep.
1435 1888 1597 1933 habent
1620 1887 1803 1950 προετ.)

215 1957 508 2016 ὗμνοπόλων,
546 1956 608 2002 δι’
634 1963 686 2003 οὑ
709 1959 818 2016 μέλη
845 1963 920 2002 καὶ
942 1956 1098 2019 χόρους
1120 1957 1364 2017 ἐξήνεγκαν.

309 2052 441 2103 Quod
466 2053 522 2096 ad
547 2052 675 2096 huius
698 2053 906 2096 carminis
928 2059 1157 2096 'auctorem
1183 2052 1401 2111 pertinet,
1434 2050 1481 2095 id
1505 2051 1561 2095 ad
1589 2052 1803 2097 minorem

216 2125 425 2169 Euenum
464 2123 631 2168 referre
666 2123 741 2166 uix
775 2121 1020 2177 dubitabis,
1057 2123 1220 2182 quippe
1244 2121 1364 2182 quod
1391 2137 1477 2165 non
1505 2123 1647 2182 magis
1671 2138 1803 2182 quam

215 2193 483 2240 antecedens
524 2208 701 2237 carmen
746 2193 982 2252 sophistam
1023 2193 1186 2253 sapiat,
1230 2200 1386 2237 contra
1427 2192 1655 2252 ingenium
1699 2193 1804 2237 satis

215 2265 439 2325 poeticum
473 2263 658 2323 prodat,
693 2263 811 2322 quod
844 2278 869 2307 a
906 2263 1070 2308 maiore
1103 2264 1263 2308 Eueno
1295 2263 1488 2308 alienum
1513 2262 1646 2307 fuisse
1670 2277 1803 2323 supra

214 2336 312 2380 iure
337 2334 462 2378 nobis
485 2333 730 2378 affirmasse
759 2332 979 2377 uidemur.

968 2467 1051 2514 13.

308 2577 689 2637 Reperitur'ibid.
734 2594 779 2637 p.
806 2581 923 2623 368.
966 2592 1067 2620 cum
1103 2575 1332 2620 lemmate:
1375 2557 1530 2635 εὖήνου
1571 2557 1802 2622 ἅσκαλωνῖ

212 2649 476 2706 εἶςαμπελον
497 2647 552 2708 ἣν
573 2665 733 2708 τραγος
765 2649 974 2706 κατέφαᾳ
1021 2645 1147 2692 Idem
1173 2655 1297 2692 extat
1320 2662 1393 2706 ap.
1416 2647 1549 2692 schol.
1576 2648 1799 2708 Aristoph.

212 2720 338 2763 Plut.
372 2723 515 2764 1132.
549 2726 594 2763 et
618 2719 745 2762 Suid.
782 2719 839 2762 T.
867 2719 907 2761 I.
943 2733 988 2775 p.
1015 2719 1130 2763 354.
1167 2717 1287 2760 Abiit
1312 2717 1355 2759 in
1380 2717 1581 2762 Brunck.
1607 2721 1696 2762 Gn.
1716 2721 1798 2762 Gr.

211 2790 250 2837 I.
283 2791 396 2837 165.
436 2802 479 2832 n.
506 2794 550 2833 7.
587 2789 671 2833 An.
695 2789 737 2833 Ι.
770 2794 810 2834 1.
846 2804 889 2848 p.
918 2792 1034 2835 322.
1071 2788 1242 2834 Iacobs.
1269 2786 1403 2832 Anth.
1430 2787 1635 2834 Pa1.1X.
1664 2789 1743 2835 75.

261 2873 264 2876 ’
349 2866 449 2934 Κῆν
470 2885 527 2927 με
550 2868 689 2934 φάγῃς
712 2864 793 2925 ἐπὶ
813 2870 962 2931 ῥίζαν,
999 2868 1114 2929 ὅμως
1137 2869 1209 2926 ἔτι,
1224 2867 1558 2930 καρποφορήσω

472 2938 627 2987 ’ὅσσον
649 2941 914 2988 ἐπισπεῖσαι
938 2943 1039 2995 σοί,
1072 2939 1231 3001 τράγε,
1264 2943 1488 3000 θυομένῳ.
