1943 3223
909 178 997 228 4!

165 342 402 400 λίκομπος,
436 339 722 406 μελιτερπῆς,
758 340 946 387 aliarum
979 355 1109 397 usus,
1143 339 1203 387 de
1234 340 1394 401 quibus
1424 341 1482 387 cf.
1511 339 1656 387 Stanl.
1687 341 1746 387 ad

126 463 133 469 ,.
165 412 322 459 Aesch.
348 411 501 458 Prom.
540 417 653 460 172.
686 411 844 471 Bergl.
878 410 936 455 ad
969 410 1191 471 Aristoph.
1223 412 1310 457 Au.
1345 417 1481 459 909..
1504 412 1660 458 Klotz.
1687 412 1746 458 ad

166 484 300 543 Tyrt.
325 481 416 528 III.
451 499 494 544 p.
519 488 600 530 76.
636 482 772 529 Wolf.
795 480 853 527 ad
872 480 1095 528 Poetriar.
1111 481 1223 542 lgm.
1247 498 1292 542 p.
1314 484 1361 529 5.
1384 488 1430 526 et
1452 482 1562 543 lgta.
1579 482 1747 544 Sapph.

165 568 210 613 p.
236 557 353 600 237.
376 579 448 588 --
483 552 729 600 Hirundini
751 552 895 613 igitur
919 562 1006 596 uox
1031 551 1171 597 dulcis
1194 552 1430 608 tribuitur,
1465 553 1511 598 id
1534 554 1653 614 quod
1676 561 1747 599 ta-

164 633 269 670 men
292 639 378 669 non
404 623 486 669 hoc
508 623 602 671 solo
627 623 739 679 loco,
767 622 846 670 sed
869 621 1043 681 saepius
1066 622 1130 668 fit.
1146 623 1203 669 cf.
1225 625 1388 669 Anacr.
1407 639 1479 683 ap.
1498 624 1746 684 Hephaest.

164 710 210 755 p.
236 702 317 742 22.
346 689 563 754 ῆδυμελκῆς
576 698 796 755 χαρίεσσα
816 690 1016 749 χελιδών.
1063 693 1254 739 Theocr.
1278 693 1350 740 Id.
1370 694 1410 739 I.
1442 695 1557 741 148.
1585 696 1747 755 πλῆρές

162 780 235 810 τοι
255 766 430 823 μέλιτος
450 763 503 810 τὸ
524 764 662 810 καλὸν
683 762 855 822 στόμα,
896 760 1066 830 Θύρσι,
1100 766 1270 820 γένοιτο
1294 766 1465 825 Πλῆρές
1486 781 1559 810 τοι
1582 763 1746 823 σχαδό-

163 851 255 880 νων
286 860 355 869 -—
386 836 579 891 τέττιγος
601 835 701 880 ἐπεὶ
722 833 775 879 τύ
797 852 854 891 γα
878 835 1094 894 φέρτερον
1116 830 1248 892 ᾄδεις.
1296 834 1488 881 Philem.
1512 851 1584 896 ap.
1608 835 1746 882 schol.

69 914 73 919 '
162 905 387 966 Aristoph.
411 907 497 950 Au.
524 909 605 952 39.
636 902 663 964 ⁹‘1
692 909 775 963 μὲν
803 903 990 961 χελιδὼν
1019 900 1129 949 αὐτὸ
1151 907 1310 965 θέρος,
1345 902 1382 950 ὦ
1404 904 1557 963 γύναι,
1601 907 1743 953 λαλεῖ.

162 1001 233 1010 -·-
256 977 333 1023 Vs.
355 982 401 1023 2.
427 975 539 1021 Post
561 992 749 1032 τεττιγ...
774 975 931 1022 lacuna
956 980 1023 1022 est
1047 975 1091 1020 in
1116 974 1260 1020 Palat.
1285 975 1381 1021 loco
1405 978 1570 1037 priore,
1600 978 1746 1024 altero

164 1063 273 1092 uero
292 1047 462 1107 legitur
478 1063 654 1103 τεττιγα
671 1053 857 1097 πτανοῖς
874 1047 1008 1091 δαῖτα
1030 1047 1179 1106 φέρεις
1200 1048 1372 1091 τέκεσιν
1380 1063 1399 1090 .·
1432 1050 1607 1103 τέττιγα
1628 1066 1744 1093 πτα-

162 1123 267 1168 νοῖς.
294 1117 424 1162 Plan.
460 1116 741 1173 Brunckius,
773 1117 846 1163 cui
869 1117 1066 1162 ieiunum
1092 1114 1328 1161 uidebatur
1351 1116 1604 1176 epitheton,
1643 1134 1744 1164 cor-

162 1187 303 1233 rexit:
345 1184 510 1243 τέττιγ’
543 1185 764 1247 ἆπτῆσιν,·
798 1203 900 1232 nam
933 1183 1125 1247 ἆπτῆνες
1153 1187 1277 1242 λιγέα
1309 1184 1516 1240 κλάζουσι
1546 1191 1745 1235 νεοσσοί.

163 1258 308 1322 Apoll.
343 1257 493 1303 Rhod.
526 1257 609 1303 IV.
643 1263 790 1304 1299.
828 1255 1035 1317 Κηρῦλου
1068 1254 1246 1316 ἀπτῆνα
1277 1255 1465 1318 σπόρον.
1514 1258 1744 1318 Lycophr.

164 1331 282 1375 250.
317 1326 449 1374 ὁπότ’
485 1325 733 1387 ἆπτῆνεσσι
766 1329 879 1388 φέρη
908 1325 1038 1385 βόσιν
1070 1325 1343 1391 ᾆρταλίχοισι
1364 1326 1515 1388 μήτηρ.
1563 1328 1653 1374 Sed
1676 1329 1742 1375 fe-

161 1398 301 1443 renda
323 1406 370 1444 et
386 1398 513 1443 facile
534 1394 795 1459 explicanda
812 1406 879 1443 est
892 1397 1055 1443 codicis
1072 1398 1304 1457 scriptura.
1351 1399 1548 1448 Πτανοῖς
1568 1401 1744 1445 τέκεσιν

160 1469 276 1512 enim
302 1468 611 1528 significantur
633 1468 729 1513 auis
751 1466 877 1526 pulli,
899 1466 1135 1512 auiculae'
1122 1483 1257 1526 ipsae.
1287 1467 1358 1511 Of.
1384 1468 1545 1527 Eurip.
1569 1469 1742 1515 Troad.

167 1539 279 1584 147.
313 1536 456 1597 μάτηρ
488 1534 534 1581 δ’
565 1536 623 1587 ω’ς
644 1553 710 1587 τις
730 1541 919 1587 πτανοῖς
940 1535 1132 1592 κλαγγὰν
1152 1533 1387 1596 ”,Ορνισιν
1423 1535 1545 1588 ὅπως
1576 1536 1741 1599 ἐξάρξω

153 1605 231 1664 ’γω
254 1600 437 1665 μολπάν
458 1624 523 1667 sq.
557 1622 693 1666 quum
719 1606 864 1651 locum
888 1606 1115 1651 Seidlerus
1137 1607 1376 1666 explicuit,
1420 1614 1471 1652 ut
1501 1609 1742 1667 πτηνοῦς

158 1675 398 1738 ὄρνιθας
431 1693 537 1722 aues
566 1676 809 1736 plumates,
844 1676 918 1721 uel
948 1677 1099 1721 auium
1135 1676 1303 1735 pullos,
1335 1677 1537 1737 integras
1569 1679 1743 1738 plumas

160 1747 292 1793 modo
326 1754 477 1793 nactos
491 1771 511 1803 ‚-
536 1746 656 1806 quod
688 1747 813 1792 nobis
842 1746 1083 1801 uernaculo
1114 1761 1317 1792 sermone
1347 1755 1463 1792 esset
1501 1749 1723 1809 „ssiiggffi
1726 1782 1742 1805 ‚

159 1818 344 1863 diceret.
401 1819 536 1863 Hanc
559 1816 751 1862 Seidleri
774 1817 1185 1876 interpretationem
1209 1819 1476 1862 confirmant
1496 1818 1660 1863 scholia
1683 1819 1742 1865 ad

136 1884 361 1933 ⁴Troadas
395 1886 485 1942 (ed.
504 1887 810 1946 Kampmann.
844 1903 888 1946 p.
919 1885 1058 1947 127.)
1090 1886 1157 1931 his
1182 1888 1350 1932 uerbis:
1382 1886 1527 1948 μάτηρ
1559 1886 1605 1932 δ’
1631 1886 1740 1934 ὧσεῑ

158 1965 346 2010 πτανοῖς
373 1955 439 2019 *))
491 1956 720 2018 Καθάπερ
745 1957 794 2002 δὲ
817 1954 992 2017 ὄρνισιν
1022 1955 1048 2017 ἦ
1079 1955 1215 2017 μήτηρ
1239 1955 1411 2018 ἐξάρχει
1441 1958 1523 2018 τῆν
1552 1962 1738 2019 πτῆσιν,

157 2028 294 2081 οὕτως
311 2046 377 2089 sq.
401 2054 471 2061 —
494 2029 570 2074 Vs.
593 2034 637 2075 3.
663 2029 844 2073 Nouum
870 2028 914 2072 in
941 2028 1041 2073 Pal.
1065 2027 1287 2087 reperitur
1312 2028 1495 2075 lemma:
1515 2032 1738 2089 μέμφεται

156 2100 237 2159 τῆν
258 2098 464 2156 χελιδόνα
488 2096 546 2149 ὥς
565 2116 649 2143 κατ
665 2110 718 2149 -;-
735 2101 935 2143 πιοῦσαν
958 2097 1040 2143 τὸν
1060 2099 1237 2154 τέττιγα
1260 2099 1456 2151 δικαίως.
1490 2097 1736 2162 ἀμφότεροι

157 2170 239 2232 γάρ
265 2168 380 2226 ὥδιξ.
405 2164 579 2232 (ᾠδικοὶ
602 2170 632 2215 i.
649 2183 690 2215 e.
703 2167 968 2230 canori**)).
994 2194 1060 2202 —-
1086 2169 1346 2215 Eorundem
1365 2171 1409 2216 in
1433 2170 1517 2217 hoc
1539 2173 1736 2219 carmine

157 2243 396 2286 uerborum
427 2242 471 2285 in
503 2256 639 2286 uerss.
676 2247 697 2286 1
736 2246 784 2285 et
815 2244 844 2286 3
880 2240 1085 2301 repetitio
1109 2239 1451 2305 Wakefieldium
1486 2243 1648 2299 mouit,
1683 2249 1734 2289 ut

157 2311 295 2373 (Silu.
318 2313 419 2359 crit.
444 2313 501 2358 Τ.
519 2312 582 2357 11.
609 2327 652 2372 p.
677 2309 816 2371 145.)
840 2327 959 2357 uers.
976 2317 1017 2357 1.
1047 2310 1185 2357 καλὸν
1206 2313 1343 2358 καλὸν
1364 2314 1574 2373 scriptum
1601 2313 1735 2359 fuisse

157 2390 350 2443 putaret.
376 2408 443 2416 -—
470 2384 546 2428 Vs.
568 2384 614 2428 4.
637 2382 718 2427 τὸν
739 2384 867 2436 ξένον
889 2378 1077 2435 εὗξείνα,
1109 2381 1208 2426 Pal.
1234 2383 1382 2442 priore
1405 2383 1517 2439 loco,
1542 2381 1572 2427 ἆ
1592 2386 1735 2439 ξείνα,

153 2453 311 2498 altero.
357 2454 543 2513 Saepius
567 2460 844 2513 permutatae
866 2460 970 2497 sunt
992 2452 1186 2512 syllabae
1213 2470 1260 2497 ευ
1286 2461 1332 2498 et
1355 2471 1411 2507 α,
1448 2454 1572 2498 uelut
1595 2454 1735 2499 Anth.

156 2523 357 2569 Pal.IX.
390 2529 409 2568 1
424 2530 501 2568 17.
526 2539 641 2568 uers.
664 2527 710 2570 5.
736 2523 809 2566 ubi
834 2522 933 2566 Pal.
958 2520 1178 2577 εὖξενίοις,
1215 2523 1372 2583 reliqui
1394 2520 1580 2577 άξενίοις
1603 2539 1736 2584 prae-

154 2594 274 2640 bent.
343 2593 484 2639 Cuius
515 2593 853 2654 permutationis
884 2593 1014 2654 plura
1045 2592 1248 2654 exempla
1280 2593 1506 2639 Iacobsius
1537 2594 1595 2640 ad
1628 2595 1673 2642 h.
1702 2596 1734 2641 l.

208 2769 243 2816 *)
264 2768 326 2807 Ita
345 2765 402 2806 eni
390 2780 444 2804 1m
463 2761 682 2807 scholiastes
700 2766 774 2821 legi
761 2775 804 2807 1.t

190 2837 244 2885 **)
266 2837 307 2875 Si
295 2850 363 2875 11m
351 2836 392 2874 iil
394 2843 447 2875 ter
465 2835 504 2874 in
523 2836 700 2876 lemmate
719 2836 894 2877 carminis
914 2842 967 2881 16
986 2836 1132 2892 syllaba
1159 2850 1248 2876 κου
1274 2837 1510 2889 (γραμματιξ
1529 2853 1598 2894 pro
1616 2852 1733 2889 γραμ-

267 2908 355 2943 ματι
341 2898 450 2944 ικοῦ)
478 2902 514 2935 et
532 2892 965 2942 Anth.1>a1.1x.254
993 2896 1139 2952 syllaba
1167 2911 1226 2937 κα
1262 2897 1421 2949 (γυναιξ
1447 2913 1519 2953 pro
1544 2912 1657 2947 γυναι
1643 2902 1733 2950 ἵκοι)

267 2953 375 2994 litera
399 2957 422 3003 ξ
448 2966 618 3010 expressa
635 2960 701 2996 est.
