1943 3223
972 158 1014 209 5

201 346 396 379 errorem
417 328 632 376 incidens.
690 327 904 390 Ceterum
931 323 966 367 si
991 323 1450 393 analogiam—spectas,
1488 325 1659 371 facilius
1677 341 1781 371 sane

201 400 423 461 explicari·
437 397 579 459 potest
604 395 788 455 Εὐήνιος
817 408 992 438 nomen.

212 648 215 651 .
296 611 465 655 Decem
497 614 543 653 et
575 612 743 666 septem
768 597 973 649 ‘carmina
1007 603 1078 648 uel
1112 604 1357 649 carminum
1384 603 1635 663 fragmenta
1666 606 1783 664 apud

205 678 510 731 Aristotelem,
538 674 878 727 'Plutarchum‚
931 674 1192 727 Stobaeum,
1246 674 1521 735 Athenaeum
1564 679 1699 733 atque
1741 676 1782 717 in

207 743 473 808 Anthologia
508 744 564 805 (l.
590 744 705 789 infra
729 706 998 813 indicandis)
1024 742 1160 787 literis
1184 743 1390 789 mandata
1414 744 1470 790 ad
1498 753 1649 789 nostra
1675 751 1784 788 tem-

208 832 315 877 pora
339 814 667 879 peruenerunt,
692 828 890 871 quorum
917 814 1031 872 quae
1055 812 1097 856 in
1123 812 1261 870 Anth.
1281 820 1459 869 extant,
1495 815 1613 858 inter
1638 814 1787 872 plures

205 888 386 932 Euenos
409 892 511 930 sunt
536 883 854 929 distribuenda.
904 883 1120 927 Etenim’
1108 898 1152 926 ιιι
1179 882 1419 947 lemmatis,
1453 891 1566 943 quae
1598 885 1657 929 ihi
1689 901 1786 929 car-

202 958 395 1000 minibus
434 955 538 1013 ipsis
582 955 828 1012 praeposita
867 954 1179 1005 inueniuntur,
1226 967 1362 995 unum
1406 969 1583 998 carmen
1627 955 1787 998 Eueno

164 1017 166 1020 Α
207 1025 383 1084 Siculo,
426 1024 547 1077 aliud
572 1023 830 1078 Ascalonio,
875 1020 997 1067 aliud
1022 1004 1303 1077 Atheniensi,
1338 1012 1456 1067 aliud
1481 1025 1788 1088 grammatico,

175 1120 177 1122 ·
210 1080 380 1155 reliqua
407 1109 514 1139 uero
519 1094 697 1142 Eueno
721 1094 995 1149 tribuuntur,
1029 1093 1154 1138 cuius
1179 1093 1344 1136 nomini
1370 1093 1475 1138 nihil
1500 1094 1687 1153 amplius
1710 1094 1786 1139 ad-

205 1165 417 1225 scriptum
453 1172 532 1209 est.
598 1164 805 1224 Quinque
839 1158 981 1223 igitur
1012 1161 1192 1208 Euenos
1227 1169 1400 1208 tantum
1434 1179 1623 1223 agnosse
1655 1168 1701 1208 e't
1733 1181 1787 1209 ne

207 1236 408 1296 quintum
436 1228 623 1295 quidem
638 1235 743 1279 satis
766 1241 972 1280 accurate
997 1233 1268 1294 significasse
1294 1233 1488 1289 uidetur,
1503 1235 1598 1294 qui
1622 1236 1787 1280 Antho-

64 1355 70 1363 ,
136 1310 138 1312 ’
202 1305 381 1374 ‘logiae
398 1321 589 1365 graecae
629 1305 825 1353 carmina
861 1305 1105 1366 congessit;
1151 1310 1344 1348 attamen
1379 1304 1414 1348 si
1451 1303 1708 1371 diligentius
1743 1307 1785 1349 in

209 1376 358 1437 ipsam
374 1374 722 1437 Anthologiam’
711 1375 972 1434 inquirimus
999 1382 1046 1418 et
1069 1374 1123 1419 ad
1148 1383 1343 1429 morem,
1379 1390 1508 1433 quem
1536 1376 1579 1418 in
1605 1391 1656 1419 ea
1681 1391 1786 1420 con-

201 1437 406 1504 ⁸geren-da
433 1446 585 1489 const.
611 1445 827 1503 Cephalus
851 1444 966 1488 haud
993 1445 1143 1487 dubie
1150 1449 1201 1487 ea
1226 1445 1269 1486 ἰιι
1296 1460 1344 1487 re
1362 1444 1620 1504 Philippum
1642 1445 1787 1490 'Phes-

209 1515 519 1580 salonicensem
538 1522 723 1567 secutus
735 1514 1024 1568 obseruauit‚
1059 1514 1253 1575 animum
1255 1506 1579 1569 aduertimus,
1617 1530 1717 1559 mox
1746 1517 1788 1560 in

211 1601 299 1629 uno
333 1585 412 1628 illo
434 1586 624 1639 Eueno,
667 1585 794 1630 cuius
824 1599 982 1629 nomen
1008 1584 1281 1643 appositione
1304 1591 1453 1638 caret,
1497 1584 1606 1629 duos·
1628 1601 1791 1645 eosque

210 1656 371 1709 Parios
392 1655 529 1699 latere
554 1654 868 1714 intelligemus.
916 1655 1038 1699 Solet
1062 1654 1181 1698 enim
1206 1655 1249 1698 in
1271 1654 1539 1715 Anthologia
1561 1655 1791 1705 clarissimi

210 1725 449 1788 cuiusque,
484 1725 518 1769 si
544 1724 721 1784 quidem
742 1725 897 1784 plures
920 1723 1151 1794 eiusdem
1144 1724 1332 1768 nominis
1355 1724 1480 1769 fuere
1504 1733 1678 1784 poetae,
1714 1742 1791 1770 no-

214 1796 320 1844 mini
345 1794 450 1839 nihil
476 1795 678 1854 amplius,
710 1791 974 1839 ceterorum
995 1810 1102 1839 uero
1128 1795 1375 1839 nominihus
1398 1795 1632 1854 explicatio
1656 1812 1791 1855 quae-

208 1865 316 1909 ·dam
343 1865 514 1909 adiecta
538 1874 647 1909 esse.
708 1865 806 1919 Sic,
845 1872 893 1909 u't
919 1881 1009 1909 rem
1026 1898 1040 1920 ,
1074 1881 1187 1924 quae
1211 1864 1423 1923 exemplis
1445 1864 1666 1920 abundat,
1703 1882 1792 1910 uno

212 1925 366 1980 saltem
392 1931 653 1989 fulciamus,
683 1935 844 1994 ubique
878 1936 1088 1980 notissimi
1122 1936 1237 1979 illius
1265 1935 1412 1979 Alcaei
1450 1931 1791 1994 Mitylenaei

213 2003 303 2065 (cs.
337 2005 469 2060 Anthg
504 2004 604 2055 Pal.
627 2005 709 2050 VI.
746 2010 862 2050 218.
906 2006 1014 2049 VlI.
1042 2009 1120 2051 55.
1166 2005 1253 2049 lx.
1282 2009 1397 2051 588.
1441 2005 1526 2049 XI.
1559 2011 1634 2050 12.
1671 2006 1792 2066 etc.)

214 2076 355 2121 solum
389 2091 574 2130 nomen,
616 2081 771 2119 contra
806 2075 1034 2134 utriusque
1068 2075 1179 2120 alius
1211 2076 1387 2130 Alcaei,
1430 2066 1700 2121 Messenii
1747 2085 1793 2121 et

214 2144 529 2208 (iunioris)
555 2142 895 2205 Mitylenaei
932 2146 1265 2204 epigrammatis
1289 2140 1448 2190 nomen
1474 2148 1791 2206 praescriptum

216 2223 284 2261 est
307 2223 352 2261 et
378 2211 533 2275 patria.
589 2214 688 2275 (Cf.
716 2215 808 2260 Alc.
828 2216 1021 2270 Messon.
1046 2216 1190 2276 epigr.
1216 2217 1259 2260 in
1286 2216 1418 2262 Anth'.
1444 2216 1543 2261 Pal.
1570 2217 1648 2260 Vl.
1681 2223 1792 2277 187.

216 2288 476 2347 V11.,429.
512 2285 665 2345 536.)
734 2286 1039 2330 Similimodo
1074 2287 1299 2339 Platonis,
1345 2288 1643 2346 augustissimi
1679 2288 1795 2330 illius

217 2356 459 2416 philosophi
493 2347 760 2402 carminibus
791 2356 935 2401 solum'
966 2356 1167 2401 Platonis
1200 2374 1358 2402 nomen
1395 2356 1502 2416 (cf.
1523 2356 1658 2401 Anth.
1695 2358 1795 2401 Pal.

218 2428 275 2471 V.
303 2425 490 2474 78-80.
527 2428 615 2472 ¹VI.
657 2435 697 2471 1.
734 2429 813 2473 43.
858 2427 965 2471 VII.
1003 2431 1084 2473 35.
1119 2433 1198 2473 99.
1239 2434 1351 2473 180.
1383 2431 1497 2473 256.
1527 2431 1640 2472 259.
1679 2433 1796 2474 265.

222 2502 338 2543 268.
362 2495 476 2556 e‘tc.)
501 2497 815 2556 praepositum,
839 2503 887 2558 at
910 2495 1023 2541 infra
1046 2496 1103 2541 ad
1130 2497 1227 2542 Pal.
1253 2497 1338 2541 lx.
1365 2499 1464 2542 359
1494 2503 1541 2540 et
1565 2496 1652 2541 IX.
1680 2502 1797 2545 758.

220 2566 337 2612 inter
371 2569 638 2612 comicum
677 2574 849 2627 poetam
884 2574 931 2612 et
967 2567 1242 2612 iuniorem
1278 2566 1513 2612 Platonem
1540 2567 1795 2614 distinctum

220 2643 301 2682 est.
349 2638 475 2687 Quae
494 2648 633 2697 vquum
660 2633 729 2682 ita*
745 2639 847 2693 sint,
876 2653 955 2682 nos
976 2654 1059 2682 non
1081 2637 1210 2682 modo
1231 2638 1517 2697 probabiliter
1541 2638 1800 2700 disputasse,

221 2708 305 2752 sed
322 2708 380 2753 ad
405 2722 562 2752 uerum
586 2708 816 2754 accessisse
839 2714 1060 2766 putamus,
1084 2708 1378 2767 Anthologiae
1402 2717 1647 2763 auctorem,
1679 2709 1799 2767 quod

222 2776 339 2830 illius
363 2777 508 2835 Eueni
534 2792 693 2821 nomen
717 2776 858 2826 solum
882 2777 1149 2822 carminibus
1172 2777 1433 2838 quibusdam
1457 2779 1705 2836 adscripsit,
1732 2779 1798 2821 in-

222 2838 619 2907 dicaret-uoluisse,
655 2838 858 2906 poemata
890 2848 972 2893 ista
1006 2864 1099 2893 esse
1136 2843 1212 2903 ini„
1232 2849 1393 2894 Eueno
1426 2847 1685 2902 tribuenda,
1723 2850 1799 2907 qui

223 2917 417 2963 omnium
453 2918 643 2964 maxime
677 2917 934 2964 inclaruerit
968 2919 996 2963 i.
1025 2935 1063 2964 e.
1090 2918 1240 2964 Pario.
1313 2919 1426 2964 Inde
1450 2933 1557 2963 uero
1581 2917 1711 2963 simul
1738 2920 1779 2963 in
