1943 3223
191 387 397 441 apertum
422 387 520 438 est,
547 381 738 450 ἀιιίιίιιιιι
770 383 935 444 cuique
966 384 1065 430 fore
1091 393 1224 444 nego.
1248 381 1298 447 ²⁸)
1326 383 1786 445 -Qflibnsexptoratis

192 451 289 511 ipse
311 452 495 511 insuper
518 453 677 499 horum
700 467 913 499 uersuum
938 454 1112 501 habitus
1133 461 1289 517 atque
1285 452 1615 509 naturis-'docem
1650 451 1786 500 uene-⁶

192 528 370 568 menter
393 522 527 568 falsos
549 537 670 580 esse,
705 525 782 585 qui
806 538 884 570 eos
906 524 1109 571 Hesiodo
1139 524 1358 585 assignari
1380 525 1628 570 iusserint.
1663 524 1786 577 Quis

191 592 311 638 enim
336 593 450 639 tales
472 593 636 639 formas
649 601 707 640 et
729 607 959 650 numeros,
993 594 1147 657 quales
1170 595 1255 641 hio
1260 596 1470 650 uersibus
1478 595 1787 680 eontinentur,

192 663 239 708 in
263 664 414 727 epicis
422 665 690 711 carminibus
713 666 970 712 inuenerit-‘1²
1674 690 1677 693 ⁴

335 742 525 791 Χῶττι
546 745 741 803 τάχιστα
770 746 953 809 θύρας
983 742 1681 809 ἑξελθεῖνβουλόμεθαῧτόν.
1716 767 1719 770 ’

334 816 434 861 εἶτα
468 814 633 873 γνούς
666 835 779 870 πως
812 815 932 865 τοῦτ’
967 815 1224 864 ὑποδεῖται·
1269 817 1414 879 κᾷτά
1447 833 1513 870 τις
1547 818 1667 863 εἶπε
1730 828 1733 834 ’

334 890 427 948 τῶν
459 886 795 952 ξυμπινόντων·
820 886 950 948 ’Ήδη
987 887 1077 942 σΰ,
1112 892 1168 951 τί
1200 886 1297 947 0ὗᾷ
1326 886 1590 943 ὓποπῑνειςς

192 966 367 1014 Vellem
392 967 627 1016 Schulzius
651 986 788 1017 unum
813 960 970 1017 saltem
995 971 1250 1032 exemplum
1282 988 1338 1017 ex
1364 971 1490 1037 epico
1514 976 1645 1035 poeta
1660 970 1788 1016 vattu-

192 1037 340 1095 lisset,
377 1040 422 1085 in
448 1056 536 1101 quo
560 1057 728 1096 crases,
765 1041 920 1102 quales
942 1037 1076 1098 χῶττι
1108 1044 1154 1087 e't
1176 1045 1318 1102 κᾷτα,
1355 1042 1612 1111 formaeque
1631 1037 1789 1107 quales

192 1113 370 1156 τοιαυτὶ
404 1110 548 1171 (uers.
582 1113 685 1172 10.)
718 1112 1045 1182 inuenirentur,
1081 1110 1155 1158 uel
1180 1112 1367 1160 alicuius
1399 1112 1543 1171 oratio
1572 1113 1615 1156 in
1642 1101 1789 1157 ‘medio

193 1195 330 1226 uersu
354 1181 587 1241 inciperet.
635 1180 756 1233 Quid
780 1198 915 1243 porro
940 1182 997 1228 de
1022 1183 1171 1228 uerbis
1202 1182 1277 1228 κὰῖ
1308 1178 1444 1233 εῧθῦς
1473 1169 1587 1246 έλὲξ’
1620 1170 1790 1238 ἐλεγὲῖικ

192 1252 571 1312 sequentibusque
611 1258 889 1298 statuamus?
976 1254 1094 1298 Vsus
1139 1260 1207 1298 est
1248 1258 1379 1314 poeta
1421 1254 1533 1299 u'oce
1571 1245 1790 1308 ἐλεγειὼν,

192 1331 355 1366 uerum
382 1318 531 1368 tamen
556 1319 865 1368 tantummodo
889 1322 1139 1369 hexametri
1166 1331 1432 1388 sequuntur.
1497 1322 1686 1382 Integra
1711 1337 1791 1366 au·
1802 1383 1810 1386 -

192 1398 284 1437 tem
307 1390 520 1437 habemus
544 1383 653 1438 haec
676 1390 847 1449 ἒλὲγεῖα
870 1383 1126 1454 (disticha),
1158 1401 1276 1453 quae
1294 1402 1427 1453 supra
1446 1407 1503 1438 ex
1524 1391 1792 1458 Theognide

192 1460 327 1507 allata
349 1462 499 1507 Eueni
517 1478 613 1508 esse
630 1460 838 1508 diximus.
884 1462 1163 1509 Luculenter
1179 1477 1235 1508 ex
1256 1478 1368 1508 uoce
1392 1462 1625 1520 ,,ἐλεγεΐα“
1650 1467 1792 1522 patet,

193 1533 414 1577 comicum
439 1538 616 1592 poetam
640 1525 790 1579 Eueni
814 1549 973 1578 uersus
996 1540 1100 1578 ante
1124 1532 1275 1578 oculos
1298 1531 1526 1588 habuisse,
1563 1535 1791 1598 pentame—

194 1609 289 1648 tros
313 1617 424 1648 uero
449 1602 662 1658 omisisse,
697 1604 802 1665 quia
827 1610 872 1648 et
897 1602 1150 1651 uniuersam
1176 1603 1421 1649 orationem
1447 1618 1503 1649 ex
1521 1601 1631 1648 solis
1655 1600 1791 1648 hexa-

194 1673 352 1719 metris
381 1673 703 1733 composuisset
744 1682 790 1719 et
825 1675 1005 1719 οιιιιιίιιο
1046 1673 1335 1734 pentametris
1375 1674 1439 1718 uti
1474 1688 1562 1722 non
1598 1671 1793 1718 solerent

195 1751 356 1804 poetae
380 1744 559 1789 scenici.
568 1741 634 1804 **)
673 1743 826 1796 Quare
849 1743 885 1788 si
910 1742 974 1788 ini
999 1737 1154 1790 uersus
1178 1742 1383 1789 Hesiodii
1407 1750 1570 1797 essent,
1585 1750 1793 1788 'statuere

195 1829 484 1874 cogeremur,
508 1812 760 1859 Hesiodum
791 1829 949 1859 uersus
972 1813 1184 1896 quosdam
1210 1812 1389 1858 aliunde
1413 1812 1639 1858 ductos'in
1665 1829 1792 1858 usum

196 1900 326 1929 suum
350 1884 649 1945 conuertisse,
686 1884 805 1944 quod
838 1900 944 1929 sane
976 1885 1020 1928 in
1054 1884 1180 1944 epico
1213 1890 1344 1943 poeta
1377 1882 1624 1938 inauditum
1661 1889 1790 1928 esset.

196 1952 330 2004 Quod
365 1969 505 2013 quum
538 1952 772 1999 Schulzius
804 1954 1011 1999 sensisset
1018 1970 1196 2026 neque
1237 1960 1387 1998 tamen
1429 1951 1638 2014 tanquam
1683 1951 1791 1997 furti

196 2022 452 2069 Hesiodum
485 2022 741 2069 insimulare
764 2010 1031 2085 uoluisset,
1037 2040 1091 2069 ex
1120 2020 1399 2083 Theognidis
1421 2023 1623 2081 uersibus
1653 2019 1791 2083 (nam

198 2092 387 2139 disticha
419 2094 494 2139 ina
528 2095 676 2156 Eueni
711 2110 806 2139 esse
842 2093 1061 2156 nesciuit)
1103 2094 1295 2156 Magnas
1327 2094 1473 2139 Eoeas
1506 2079 1792 2154 inferpolatas

197 2171 246 2210 et
269 2180 325 2209 ex
351 2165 433 2210 hac
456 2172 669 2225 corrupta
692 2165 977 2225 genealogici
1008 2165 1217 2210 carminis
1250 2163 1393 2209 forma
1428 2164 1652 2225 Χείρωνος
1681 2161 1791 2209 ὕπο-

196 2237 340 2293 θῇκας
382 2251 614 2295 expressas
655 2251 750 2280 esse
789 2236 1006 2292 coniecit,
1060 2252 1192 2296 quam
1234 2229 1537 2280 coniecturam
1577 2234 1683 2279 satis
1724 2241 1791 2280 est

198 2320 585 2350 commemorasse.

255 2504 290 2550 *)
312 2499 348 2542 A
367 2509 473 2555 parte
492 2514 577 2541 mea
595 2503 756 2541 stantem'
777 2500 890 2540 etiam
912 2500 1109 2553 conspicio
1129 2501 1372 2542 Welckerum
1400 2499 1449 2539 ad
1470 2498 1644 2555 Theogu.
1668 2505 1791 2542 1197.

314 2575 355 2613 p.
382 2563 478 2602 140.
513 2581 570 2590 --
607 2561 748 2614 Magna
767 2567 894 2599 autem
916 2559 975 2598 uis
996 2573 1154 2613 quoque
1173 2558 1298 2612 posita
1319 2565 1372 2597 est
1391 2572 1454 2611 ap.
1474 2556 1616 2598 Athen.
1637 2558 1677 2598 in
1697 2572 1792 2598 uoce

316 2619 488 2667 πάντα,
520 2619 667 2674 quippe
694 2631 794 2673 quae
817 2616 866 2657 ab
887 2616 1082 2658 Athenaeo
1102 2626 1227 2671 aperte
1246 2616 1393 2656 adiecta
1412 2617 1484 2666 sit,
1513 2625 1557 2656 ut
1576 2631 1652 2656 non
1674 2616 1792 2660 modo

317 2675 444 2715 decem
475 2686 756 2731 sequentes,
785 2677 853 2717 sed
873 2676 986 2717 etiam
999 2685 1078 2720 ,tres
1106 2677 1293 2730 priores
1321 2689 1448 2715 uersus
1468 2689 1513 2714 ex
1529 2675 1685 2714 Hesiodi
1706 2688 1794 2721 cat-

318 2733 420 2771 mine
439 2734 610 2788 quodam
629 2749 696 2788 per
714 2734 914 2787 parodiam
937 2748 1125 2789 expressos
1146 2748 1219 2773 esse
1238 2732 1433 2793 indicaret.

239 2816 294 2864 **)
313 2815 449 2857 Vnum
478 2822 626 2854 tantum
655 2813 909 2857 distichorum
937 2816 975 2855 in
1001 2816 1146 2855 scenica
1165 2814 1270 2868 poesi
1292 2813 1556 2855 adhibitorum
1577 2812 1792 2865 exemplum

318 2880 421 2913 extat
441 2872 481 2911 in
501 2872 634 2924 Eurip.
656 2874 841 2921 Androm.
867 2879 948 2916 123
976 2887 1036 2927 sq.
1094 2875 1339 2913 Hexametros
1359 2887 1456 2913 uero,
1469 2885 1538 2910 neo
1556 2870 1707 2924 tragicis
1727 2886 1794 2911 nec

318 2930 478 2972 comicis
497 2929 620 2984 poetis
639 2930 835 2972 inusitatos
854 2932 970 2971 fuisse
989 2933 1160 2984 exempla
1180 2931 1285 2984 apud
1301 2930 1426 2982 Soph.
1448 2937 1484 2968 et
1498 2927 1696 2983 Aristoph.
1717 2929 1793 2968 do-

319 2998 404 3040 cent
427 2987 606 3030 extantia.
638 3010 695 3018 —
724 2989 788 3028 Cf.
818 3003 860 3041 p.
883 2994 952 3031 80.
983 2988 1112 3029 adnot.
1138 2995 1175 3029 1.
