1943 3223
869 137 877 146 .

866 201 959 248 ²1*

122 371 276 419 codex.
299 367 498 412 Venetus
528 362 643 408 ἔστω
676 363 832 418 habet,
865 378 999 423 quam
1034 359 1297 425 scripturam
1330 364 1511 426 insuper
1545 362 1708 422 reliqui

122 436 338 489 Athenaei
360 433 535 485 codices
558 433 662 480 licet
684 427 940 493 confruptam
974 434 1017 478 in
1051 453 1139 490 τω,
1174 451 1261 486 τως
1283 441 1329 480 et
1352 452 1445 487 πως
1471 434 1707 496 praebent,

121 519 168 557 et
191 507 294 553 inde
318 505 524 563 denique,
550 504 671 563 quod
694 505 911 548 Stobaeus
935 504 1019 549 hoc
1041 521 1220 551 carmen
1247 505 1427 552 omnino
1451 505 1705 550 mutilatum

122 578 330 633 tradidit,
365 574 471 620 satis
503 582 720 634 apparere
751 574 956 630 uidetur,
991 575 1266 622 Athenaeum
1303 575 1532 621 meliorem
1556 575 1706 621 Eueni

122 652 281 696 librum
314 644 373 691 ad
407 659 561 705 manus
595 645 818 699 habuisse3
853 659 969 704 quae
992 661 1062 690 res
1096 663 1167 707 me
1191 646 1441 707 permonst,
1475 651 1527 689 ut
1557 645 1706 691 ἐθέλει

122 722 165 766 in
184 718 421 764 uerborum
441 714 775 761 continuitatem
798 715 996 775 recipere
1015 732 1100 761 non
1118 716 1435 764 dubitauerim.
1459 741 1530 748 —
1561 716 1638 761 Va.
1660 718 1707 761 4.

121 793 266 835 τοῦτο.
314 787 440 831 Stob.
464 794 510 831 et
533 785 627 830 edit
651 785 840 840 0333111).
876 789 1074 830 τοιαῦτα.
1123 788 1282 833 Venet.
1309 788 1528 834 Laurent.
1555 784 1705 830 Palat.

97 860 245 925 ’,Εάἰι.
280 873 347 925 pr.
382 854 578 902 δοκοῦντ’
614 855 743 900 ἔστω.
791 857 952 901 Venet.
985 857 1213 909 δοκοῦντες
1245 863 1321 918 τῶ.
1372 859 1591 904 Laurent.
1633 856 1706 902 δο-

28 930 36 939 '
120 934 295 979 κοῦντες
327 944 425 978 τως.
474 927 623 971 Palat.
656 924 873 971 δοκοῦντά
905 943 1012 977 πως.
1070 926 1195 971 Edit.
1231 943 1300 988 pr.
1334 925 1530 974 δοκοῦντ’
1562 927 1705 972 ἐστὶν.

121 1000 309 1047 0333111).
330 1006 376 1045 et
394 998 519 1044 Stob.
544 997 592 1043 δὲ
615 995 722 1042 add.
740 997 1056 1046 νεηεῐ.113111·.
1076 997 1222 1043 Palat.
1249 997 1319 1044 ed.
1340 999 1547 1055 casaub„
1571 999 1706 1044 omit-

121 1073 175 1116 tit
199 1069 323 1115 Edit.
349 1086 417 1128 pr.
440 1094 512 1113 ,--·
538 1069 642 1113 Non
667 1070 813 1112 minus
836 1069 1008 1113 uariant
1034 1069 1134 1112 libri
1164 1069 1306 1113 altero
1334 1070 1430 1113 loco
1454 1070 1615 1113 Athen.
1640 1070 1706 1113 X.

120 1158 164 1201 p.
187 1143 301 1188 429.
319 1140 394 1195 F„
431 1139 504 1184 ubi
524 1138 641 1183 idem
663 1155 819 1184 uersus
840 1146 978 1184 extat.
1015 1136 1211 1185 δοκοῦντ’
1235 1137 1341 1185 ἐστ’.
1377 1140 1536 1185 Venet.
1559 1139 1706 1184 Pa'lat.

119 1212 346 1261 δοκοῦντες
368 1207 420 1254 τ’.
447 1205 663 1254 Lauren't.
712 1210 926 1255 δοκοῦντι.
956 1210 1097 1254 Paris.
1146 1208 1341 1255 δοκοῦντ’
1362 1211 1500 1255 ἐστὶν.
1535 1209 1702 1268 Ε11.111·.

119 1282 308 1328 0333111).
329 1307 396 1315 -
417 1281 531 1326 011111
555 1280 637 1326 hoc
653 1278 830 1326 dicendi
848 1295 1018 1341 genere
1034 1280 1258 1326 conseras:
1281 1281 1395 1326 Eur.
1415 1280 1571 1341 Sup'pi.
1585 1283 1649 1328 47
1657 1286 1705 1327 6.

120 1358 194 1398 σοὶ
216 1358 305 1411 μὲν
323 1353 502 1397 δοκείτω
525 1349 665 1405 ταῦτ’,
702 1352 801 1410 ἐμοὶ
824 1352 872 1396 δὲ
895 1349 1055 1397 τάντία
1117 1351 1252 1412 Soph.
1285 1352 1354 1396 Af.
1387 1356 1532 1398 1039.
1564 1350 1706 1398 κεῖνός

119 1422 156 1468 τ’
181 1423 327 1470 ἐκεῖνα
350 1425 587 1483 στεργέτω,
611 1419 728 1479 mirei
753 1421 875 1476 τάδε,
912 1423 985 1467 11111
1010 1422 1146 1468 schol.
1165 1421 1372 1467 adnotat:
1405 1423 1552 1468 ἐκεῖνα
1576 1436 1705 1483 στερ-

119 1497 252 1550 γέτω·
295 1494 354 1538 τοὶ
393 1492 554 1538 ἑαυτοῦ
595 1491 794 1550 δόγματα
807 1508 818 1519 ·
864 1495 1015 1549 γέγονε
1055 1493 1104 1537 δὲ
1134 1496 1269 1538 τοῦτο
1299 1497 1373 1536 καὶ
1406 1491 1700 1553 παροι-μακόν.

117 1564 244 1610 Suid.
269 1581 304 1609 s.
328 1581 374 1610 11.
404 1562 695 1620 Θεόπομπος·
731 1565 790 1608 Εἰ
815 1564 864 1609 δὲ
896 1561 1028 1615 ἄλλος
1059 1569 1156 1609 νοεῖ
1175 1562 1357 1624 ἑτέρως,
1394 1567 1607 1623 κρατείτω
1630 1567 1706 1622 τῆς

118 1634 279 1680 ἑαυτοῦ
300 1632 484 1693 γνῶμκης,
517 1633 594 1690 ἐμὲ
618 1634 667 1678 δὲ
689 1634 747 1693 μὴ
765 1634 1011 1689 ἐνοχλεῐτω.
1037 1659 1105 1667 --
1130 1634 1307 1678 Similes
1323 1632 1383 1677 311
1399 1634 1585 1679 formam
1600 1642 1705 1678 sunt

120 1705 223 1751 licet
246 1705 569 1767 Imperatiuum
596 1721 682 1748 non
707 1705 987 1759 contineant,
1022 1704 1233 1764 Theogn.
1262 1709 1376 1750 730
1411 1706 1516 1750 Wk.
1546 1706 1623 1750 14.
1648 1705 1703 1749 Β.

325 1780 400 1820 σοὶ
421 1779 505 1833 μὲν
527 1778 685 1828 τοῦτο,
721 1772 836 1829 θεά,
870 1773 1052 1836 μικρόν,
1089 1775 1189 1832 ἐμοὶ
1212 1775 1261 1820 δὲ
1283 1777 1409 1833 μέγα.

119 1856 165 1892 et
188 1847 406 1891 sententia
430 1847 484 1890 ab
510 1847 692 1890 Aristot.
718 1846 822 1892 Eth.
872 1846 1063 1891 Eudem.
1086 1847 1198 1890 v.11
1224 1852 1300 1891 10.
1336 1826 1598 1906 (ἐνδέχεται
1621 1847 1707 1906 γὰρ

118 1922 193 1962 καῑ
216 1914 434 1963 ταναντία
458 1919 688 1973 γενέσθαι,
709 1915 868 1977 ω’ςπερ
893 1917 944 1962 ἐν
965 1921 1028 1977 τῷ
1050 1915 1189 1975 λόγῳ,
1226 1921 1300 1961 σοὶ
1321 1920 1406 1973 μὲν
1427 1916 1618 1962 παιδίαν
1642 1918 1702 1961 εἶ-

118 2001 220 2042 ναι,
255 1988 354 2045 ἐμοὶ
384 1987 433 2032 δὲ
464 1985 714 2048 θάνατον.)
746 1994 948 2042 seruata,
981 2003 1008 2031 a
1033 1987 1270 2034 Welokero
1297 1994 1446 2031 autem
1479 1985 1705 2047 (Proleg-

119 2058 175 2104 311
197 2058 403 2118 Theogn.
423 2073 466 2117 p.
481 2056 731 2118 LXXXI.)
755 2058 922 2117 optime
940 2058 985 2102 in
1003 2057 1269 2118 pentametri
1292 2056 1477 2102 sormam
1498 2057 1704 2104 redacta:

187 2122 189 2125 '
325 2134 400 2174 σοῑ
421 2133 513 2185 μὲν
526 2129 689 2173 παιδία
711 2125 846 2181 τοῦτ’,
882 2125 1024 2188 αὗτάρ
1048 2129 1148 2186 ἐμοὶ
1169 2122 1384 2179 θάνατος.

119 2201 332 2245 Ceterum
357 2199 413 2244 ad
440 2199 584 2244 Aiacis
608 2199 637 2243 1.
662 2215 702 2243 c.
728 2198 979 2253 Lobeckius
1003 2199 1149 2245 Eueni
1179 2215 1376 2254 uersum,
1411 2198 1467 2244 de
1491 2214 1579 2258 quo
1602 2200 1701 2258 agi«

122 2287 244 2325 mus,
280 2272 388 2315 citat
411 2270 473 2314 sic
496 2269 796 2328 distinguens:

327 2345 401 2386 σοῑ
423 2344 508 2398 μὲν
529 2343 673 2385 ταῦτα
696 2337 917 2394 δοκοῦντ’,
954 2339 1069 2385 ἔστω
1094 2341 1194 2399 ἐμοὶ
1217 2340 1266 2386 δὲ
1288 2338 1397 2385 τάδε

120 2412 237 2471 quod
273 2412 379 2457 mihi
411 2411 590 2471 quidem
626 2427 713 2458 non
746 2410 986 2477 admodum
1020 2412 1177 2471 placet.
1213 2437 1283 2445 —
1327 2412 1399 2456 Vs.
1429 2416 1473 2456 6.
1509 2410 1703 2470 ῥαιστῆς.

123 2481 342 2528 Laurent.
364 2481 509 2527 Palat.
527 2483 641 2528 εἰσί.
674 2481 798 2527 Edit.
822 2489 964 2541 praet
980 2482 1169 2529 Casaub.
1193 2483 1270 2532 εἷς.
1304 2482 1462 2526 Venet.
1484 2480 1704 2527 Laurent.

124 2552 268 2599 Palat.
293 2579 362 2587 --
386 2553 550 2613 ῥᾴστης
578 2552 872 2610 διδασκαλίης.
909 2544 1011 2598 Vi'd.
1037 2554 1198 2597 Herm.
1221 2551 1277 2595 ad
1302 2551 1406 2610 Vig.
1445 2567 1488 2610 p.
1517 2553 1637 2598 240.

887 2665 939 2713 5.

212 2761 455 2818 Charisius,
485 2761 752 2808 clarissimus
774 2760 1078 2809 Romanorum
1094 2761 1439 2821 grammaticus,
1471 2777 1541 2821 ap.
1559 2760 1703 2806 Rutil.

123 2829 301 2891 Lupum
334 2832 431 2894 (ed.
456 2832 642 2878 Ruhnk.
666 2849 710 2892 p.
730 2833 840 2894 39.)
871 2832 1002 2878 dicitz
1051 2848 1186 2888 „nam
1212 2833 1424 2879 maiorem
1450 2834 1621 2892 partem
1647 2849 1703 2878 ex

122 2898 207 2945 illis
238 2901 324 2961 (sc.
344 2902 470 2964 filiis)
504 2902 668 2948 doloris
691 2909 738 2955 et
760 2903 1054 2949 contumeliae
1078 2904 1327 2965 capimus“‚
1372 2903 1529 2965 quibus
1557 2904 1706 2948 uerbis

122 2969 416 3019 Ruhnkenius
429 2974 679 3020 Charisium
699 2974 845 3020 Eueni
866 2990 1041 3037 uersum
1060 2975 1298 3035 quendam,
1322 2975 1458 3034 quiin
1481 2975 1705 3031 prouerbii
