1943 3223
175 355 307 400 scribi
341 356 484 401 iussit:
525 357 671 418 χαίρει
712 357 763 402 δὲ
804 362 925 418 τρισὶ
961 355 1221 418 κιρνάμενος
1254 356 1496 417 Νύμφαισι
1528 359 1738 418 τέταρτος
1744 374 1763 410 ,-

175 425 253 470 sed
288 427 505 486 particula
539 428 588 473 δὲ
619 427 673 472 ad
707 425 968 487 κιρνάμενος
1007 430 1131 474 nobis
1164 428 1390 488 pertinere
1420 429 1604 488 eiusque
1637 427 1764 473 sedes

175 495 285 539 nihil
310 497 566 542 offensionis
589 498 751 542 habere
776 499 972 544 uidetur.
1026 499 1096 544 Cf.
1122 512 1239 543 uers-
1258 505 1305 545 7.
1338 497 1642 546 antecedentis
1663 513 1763 543 car-

174 565 428 627 miniskftcfi
460 571 607 613 πίνειν
636 564 698 612 δ’.
732 575 819 613 etc.
875 568 1070 614 Omnino
1093 568 1209 613 enim
1235 583 1553 628 pronuersuum
1585 584 1765 627 compo-

174 636 422 682 nendorum
447 637 746 684 commodiore
771 638 976 683 libertate
999 639 1141 698 poesis
1165 639 1263 684 iure
1282 639 1416 684 etiam
1443 640 1486 683 in
1507 638 1590 685 hac
1605 637 1765 683 uocula

173 706 430 754 collocanda
455 709 664 754 maiorem
691 707 891 769 deposcit
914 709 1179 756 libertatem.
1243 708 1314 755 Cf.
1340 709 1485 770 Soph.v
1501 708 1620 754 Phil.
1648 709 1765 756 614.

175 778 218 821 εἰ
238 779 297 836 pa)
319 780 453 823 θέλοι·
473 779 522 823 δὲ
546 795 608 838 sq.
657 779 772 823 Ibid.
801 781 918 825 947.
961 779 1074 825 Oed.
1098 779 1159 824 R·
1190 784 1339 826 1282.
1373 779 1534 825 Aesch.
1565 778 1767 839 Choeph.

178 851 296 894 519.
329 852 444 896 825.
492 849 670 900 Quanta
705 850 748 894 in
774 849 855 895 hac
879 849 1095 908 particula
1121 849 1305 895 locanda
1330 857 1561 909 poetarum
1588 848 1765 894 licentia

173 917 335 972 fuerit,
371 918 476 963 inde
509 919 662 979 colligi
696 919 824 973 licet,
860 920 979 978 quod
1012 919 1083 964 uel
1110 920 1153 963 in
1180 920 1269 964 fine
1294 934 1450 964 uersus
1474 920 1613 980 posita
1640 919 1765 964 inue-

175 987 311 1047 nitur.
367 988 440 1034 Cf.
473 989 609 1049 Soph.
645 989 764 1035 Phil.
797 990 914 1035 447.
948 989 1060 1036 Oed.
1094 990 1154 1035 R.
1188 996 1272 1037 29.
1307 993 1421 1038 553.
1463 995 1578 1037 783.
1617 989 1764 1035 1224.

173 1057 290 1103 Oed.
315 1058 414 1103 Col.
446 1065 523 1106 17.
557 1060 712 1120 Antig.
743 1065 890 1107 1018.
939 1060 1012 1105 ΕΙ.
1039 1062 1154 1107 440.
1185 1063 1334 1108 1005.
1381 1060 1511 1105 Paul.
1539 1060 1765 1106 Silentiar.

172 1128 218 1173 in
256 1129 387 1174 Anth.
423 1130 524 1175 Pal.
549 1132 603 1176 V.
631 1133 749 1178 244.
796 1147 908 1176 uers.
938 1136 987 1178 3.
1027 1131 1194 1192 Agath.
1228 1130 1377 1176 Schol.
1423 1131 1540 1176 Ibid.
1563 1132 1647 1177 VI.
1683 1137 1765 1177 72.

173 1215 290 1244 uerS·
329 1205 376 1247 3.
431 1201 673 1247 Praeclare
714 1201 772 1247 de
819 1201 947 1247 huius
992 1201 1236 1262 particulae
1276 1201 1421 1262 positu
1459 1200 1765 1261 disputarunt:

172 1270 349 1315 Schaef.
382 1272 439 1317 ad
472 1272 587 1317 Oed.
622 1274 683 1320 R.
721 1275 836 1319 749.
868 1272 966 1317 Erf.
1023 1274 1261 1317 Obseruat.
1293 1272 1337 1316 in
1375 1272 1535 1317 Athen.
1578 1289 1622 1332 p.
1648 1275 1769 1319 225.

171 1340 331 1385 Elmsl.
363 1342 420 1387 ad
455 1343 567 1387 Eur.
600 1343 764 1389 Bacch.
807 1345 918 1389 165.
964 1342 1124 1403 Poppo
1160 1342 1217 1388 de
1250 1342 1428 1387 Elocut.
1464 1342 1608 1387 Thnc.
1643 1343 1700 1388 V.
1725 1342 1766 1387 I.

170 1426 215 1470 p.
231 1416 348 1457 302.
379 1413 544 1457 Herm.
560 1413 703 1472 Orph.
728 1430 771 1473 p.
786 1419 900 1460 820.
936 1413 1156 1458 Fritzsch.
1177 1414 1361 1464 Quaest.
1380 1413 1567 1459 Lucian.
1592 1429 1635 1473 p.
1654 1418 1765 1459 100.

170 1481 374 1526 Ellendt.
400 1483 515 1527 Lex.
534 1483 670 1543 Soph.
690 1484 729 1527 Ι.
756 1500 799 1543 p.
820 1488 937 1529 397.
961 1509 1028 1516 -
1054 1484 1288 1537 Ceterum,
1313 1498 1427 1543 quae
1450 1484 1531 1527 sub
1556 1483 1636 1527 hac
1655 1484 1765 1527 ima-

170 1552 279 1611 gine
306 1552 414 1597 latet
436 1555 673 1608 sententia,
708 1561 879 1613 spectat
902 1553 959 1598 ad
985 1553 1215 1614 uulgatam
1241 1553 1362 1598 illam
1386 1553 1563 1614 iamque
1586 1554 1641 1598 ab
1666 1555 1765 1598 He-

150 1623 305 1666 »sindo
320 1624 470 1668 uerbis
505 1623 620 1684 (Op.
647 1623 789 1683 596.)
1187 1681 1189 1683 v
1595 1637 1597 1639 ’

314 1693 419 1753 Τρῑς
442 1693 604 1744 ὕδατος
627 1696 864 1754 προχέειν,
898 1693 951 1738 τὸ
976 1693 1026 1738 δὲ
1047 1696 1265 1754 τέτρατον
1287 1692 1411 1750 ἱέμεν
1434 1694 1558 1738 οἴνου

170 1763 527 1809 commendatam
565 1766 795 1824 regulam,
831 1779 886 1808 ex
920 1780 1008 1823 qua
1042 1780 1130 1808 una
1165 1764 1255 1808 uini
1290 1780 1393 1823 pars
1422 1764 1563 1808 tribus
1587 1764 1765 1823 paribus

170 1849 313 1893 aquae
331 1835 531 1893 partibus
551 1837 900 1894 temperabatur.
946 1834 1016 1878 Cf.
1034 1850 1087 1878 eo
1108 1833 1164 1879 de
1185 1849 1308 1878 more
1328 1834 1486 1878 Athen.
1506 1834 1564 1878 X.
1591 1850 1634 1894 p.
1648 1836 1764 1882 426.

171 1903 226 1947 C.
259 1903 381 1949 Plut.
407 1905 612 1964 Sympos.
633 1906 721 1950 III·
747 1911 792 1952 9.
828 1905 1024 1949 Macrob·
1042 1906 1223 1950 Saturn.
1248 1904 1355 1950 VII.
1384 1910 1424 1950 1.
1459 1906 1584 1950 cuius
1610 1906 1763 1961 uerba,

169 1989 269 2019 cum
296 1975 481 2019 eandem
508 1977 748 2035 imaginem
774 1976 1058 2030 contineant,
1093 1973 1224 2019 liceat
1246 1976 1437 2020 afferre:
1459 2001 1530 2008 —
1558 1983 1639 2030 „ut
1663 1991 1762 2020 cra-

169 2045 255 2089 teri
289 2045 473 2105 liquoris
504 2046 561 2106 ad
595 2047 808 2092 laetitiam
842 2047 934 2091 nati
960 2046 1222 2091 adhibeatur
1252 2061 1337 2090 non
1371 2044 1502 2091 modo
1528 2046 1762 2106 Nympha-

169 2131 295 2170 rum,
331 2117 408 2160 sed
433 2117 560 2161 Musa
571 2134 668 2163 rum
703 2134 880 2178 quoque
904 2117 1176 2161 admixtione
1199 2117 1484 2176 temperies.“
1516 2142 1587 2149 —
1619 2118 1696 2161 Vs.
1718 2118 1764 2162 4.

168 2187 367 2231 Verbum
397 2185 664 2245 ,,θάλαμος“
692 2205 777 2232 non
804 2187 935 2232 modo
952 2187 1222 2242 cubiculum,
1248 2188 1485 2247 praecipue
1502 2187 1763 2246 coniugum,

169 2256 247 2300 sed
273 2258 406 2300 etiam
433 2265 579 2301 torum
606 2259 827 2316 genialem
854 2265 900 2301 et
925 2258 1185 2315 coniugium
1212 2258 1354 2315 ipsum
1378 2257 1648 2315 siguificare,
1687 2258 1761 2301 uix

171 2334 264 2379 est,
309 2326 428 2385 quod
463 2343 687 2372 moneam:
733 2325 1017 2384 ἑτοιμότατος
1051 2324 1275 2383 θαλάμοις
1306 2326 1448 2393 igitur
1482 2326 1519 2370 is
1551 2334 1641 2382 est,
1685 2328 1771 2386 qui

170 2396 408 2456 expeditus
432 2404 499 2443 est
523 2405 658 2457 atque
684 2397 1036 2457 promptissimus
1059 2396 1115 2440 ad
1139 2397 1414 2455 coniugium.
1471 2397 1632 2452 Recte,
1668 2405 1762 2443 ete-

173 2469 260 2511 nim
286 2467 638 2527 πασχητιασμόν
661 2468 800 2513 efficit
825 2469 996 2521 uinum,
1025 2474 1071 2512 et
1093 2467 1168 2527 qui
1187 2467 1366 2512 Baccho
1386 2483 1433 2511 se
1449 2469 1763 2527 permiserunt,

169 2554 196 2582 a
232 2539 407 2584 Venere
442 2556 529 2584 non
564 2540 710 2585 solent
743 2538 1009 2592 abhorrere;
1044 2538 1221 2598 iamque
1253 2539 1485 2582 Anacreon
1519 2536 1629 2599 (VI.
1659 2536 1763 2599 12.)

170 2609 312 2653 canit:
356 2607 380 2653 ὁ
416 2608 458 2653 6²
492 2607 639 2671 ’Έρως
673 2608 697 2656 ὃ
729 2612 1027 2670 χρυσοχαῖτας
1048 2608 1184 2653 Μετὰ
1208 2611 1289 2653 τοῦ
1310 2609 1447 2652 καλοῦ
1470 2609 1642 2653 Λυαίου
1666 2609 1762 2652 Καὶ

169 2682 244 2737 τῆς
266 2679 397 2736 καλῆς
418 2680 644 2741 Κυθήρης,
685 2682 776 2726 Τὸν
807 2678 1034 2739 ἐπήρατον
1056 2684 1246 2739 γεραιοῖς
1274 2679 1444 2735 Κῶμον
1472 2681 1643 2736 μέτεισι
1664 2681 1762 2732 χαί-

173 2766 277 2808 ρων.
310 2774 383 2781 -
425 2750 502 2794 Vs.
520 2756 566 2798 5.
602 2752 643 2796 εἰ
664 2751 803 2802 πολὺς
825 2748 1085 2809 πνεύσειεν)
1121 2750 1156 2794 si
1184 2749 1488 2795 uehementius
1512 2748 1762 2809 spirauerit.

173 2820 319 2870 Πολῦς
343 2834 430 2863 non
457 2820 588 2864 modo
612 2822 776 2866 dicitur
801 2821 858 2865 de
882 2822 1039 2874 rebus,
1075 2823 1265 2879 ‘quarum
1290 2835 1454 2880 magna
1476 2820 1603 2877 copia
1626 2825 1763 2878 atque

172 2889 413 2935 multitudo
437 2888 580 2944 adest,
620 2891 698 2935 sed
722 2893 853 2936 etiam
880 2891 938 2936 de
964 2890 1031 2945 iiS,
1064 2905 1194 2949 quae,
1230 2906 1368 2950 quum
1395 2890 1633 2936 multarum
1658 2904 1762 2935 con-

172 2962 455 3007 sociationem
490 2960 686 3021 partium
717 2962 1000 3015 contineant,
1043 2976 1257 3020 maguum
1294 2967 1567 3005 momentum
1600 2958 1761 3005 habent
