1943 3223
187 333 338 381 ελθών
358 326 514 392 ἀνδρὶ,
539 328 588 382 ὃς
609 331 803 376 τετέλεκε
823 327 1027 391 χρήματα
1049 332 1288 388 σοφισταῖς
1309 330 1448 374 πλείω
1470 327 1499 390 ἢ
1519 327 1766 388 ξύμπαντες

187 403 236 450 οἱ
272 400 421 456 ἄλλοι,
469 400 648 464 Καλλίᾳ
681 403 752 460 7τῷ
789 397 1045 458 Ἱππονίκου
1058 414 1070 425 ·
1114 401 1274 445 τοῦτον
1315 395 1399 445 οὖν
1432 397 1662 461 ,ἀνηρόμην
1693 415 1777 435 --·

157 493 160 497 ’
187 473 426 531 ἓστόνγάρ
450 470 572 532 αὗτῷ
594 470 672 517 δύο
694 470 787 516 υἱέε
809 496 879 505 —
897 468 954 515 Ὦ
975 472 1177 524 Καλλία,
1213 466 1267 528 ἦν
1290 467 1341 513 δ’
1374 469 1476 525 ἐγὼ,
1509 472 1555 515 εἰ
1573 475 1658 528 μέν
1680 485 1764 516 σου

186 545 248 590 τώ
270 542 367 589 υἱέε»
384 541 521 595 πώλῳ
548 540 575 602 ἢ
595 539 748 600 μόσχω
772 542 1030 600 ἐγενέσθην,
1066 543 1241 599 εἴχομεν
1263 538 1322 585 ἂν
1344 537 1499 586 αὐτοῖν
1520 540 1767 601 ἐπιστάτην

185 617 338 673 λαβεῖν
376 618 451 660 καὶ
490 612 847 672 μισθώσασθαι,
873 610 940 663 ιὸς
981 612 1161 670 ἔμελλεν
1194 608 1316 657 abab.
1344 609 1464 657 καλώ
1496 628 1546 675 τε
1580 609 1764 668 κάγαθῶ

185 684 394 745 ποιήσειν
423 684 504 745 τὴν
535 681 841 744 προςῆκουσαν
873 679 1055 744 ἇρετῆν·
1091 679 1145 742 ἦν
1178 679 1221 726 δ’
1246 679 1305 728 ἂν
1327 677 1455 734 οὗτος
1478 680 1505 742 ἢ
1525 686 1617 728 τῶν
1639 681 1765 727 ἵππι-

185 761 276 802 κῶν
298 774 364 808 τις
385 753 414 815 ἢ
434 759 525 801 τῶν
546 757 820 815 γεωργικῶν·
848 757 930 799 νῦν
959 751 1006 798 ’δ’
1038 754 1191 813 ἐπειδὴ
1208 751 1443 812 ἀνθρώπω
1467 754 1627 807 ἐστὸν,
1662 758 1765 798 τίνα

186 825 343 872 αὐτοῖν
373 827 424 871 ἐν
455 829 518 885 νῷ
550 825 661 881 ἔχεις
691 822 938 882 ἐπιστάτην
962 826 1143 881 λαβεΐνς
1178 827 1243 874 τίς
1272 826 1346 883 τῆς
1370 822 1573 882 τοιαύτης
1595 821 1765 884 ἀρετῆς,

185 900 260 956 τῆς
290 894 578 956 ανθρωπίνης
603 912 655 961 τε
683 900 758 940 καὶ
786 894 1032 953 πολιτικῆς,
1068 892 1325 953 ἐπιστήμων
1350 893 1502 946 ἐστίν,·
1537 894 1665 965 οἶμαι
1684 892 1766 979 γάρ

187 981 240 1011 σε
270 967 510 1025 ἐσκέφθαι.
530 965 627 1009 διὰ
623 965 714 1024 τῆν
744 968 835 1010 τῶν
862 962 999 1009 ωιέων
1028 967 1204 1023 κτῆσινι
1243 964 1339 1009 ε’στι
1370 981 1460 1019 τις,
1498 963 1610 1024 ἔφην
1631 962 1758 1034 §71:3³
1739 981 1766 1023 η

186 1034 264 1089 ου’,·
310 1034 515 1093 Πάνυγε,
565 1033 592 1095 ἦ
625 1033 670 1080 δ’
708 1033 777 1086 ὅς.
838 1036 939 1088 Τίς,
976 1032 1029 1094 ἦν
1060 1032 1106 1079 δ’
1139 1035 1251 1090 ἐγώ,
1297 1039 1372 1079 καὶ
1405 1033 1638 1087 ποδαπός,·
1691 1040 1765 1079 καὶ

185 1106 333 1152 πόσου
357 1106 581 1157 daddo-aesc,-
614 1102 865 1164 Εύηνος,
877 1104 996 1163 εφη,
1032 1123 1068 1148 ω
1093 1102 1353 1165 Σώκρατες,
1389 1103 1622 1163 Πάριος,
1658 1107 1764 1150 πέν-

185 1194 236 1223 τε
258 1180 394 1234 μνῶν.
435 1177 528 1220 Καὶ
551 1175 635 1231 ἐγὼ
659 1176 740 1221 τὸν
774 1171 885 1233 Εὔη
898 1192 956 1219 νο
972 1192 996 1219 ν
1030 1173 1296 1235 ἐμακάρισα,
1333 1175 1375 1219 εἰ
1396 1172 1454 1224 ὥς
1476 1172 1653 1232 άληθῶς
1673 1168 1765 1229 ἔχει

184 1245 350 1305 ταύτην
388 1246 480 1305 την
504 1248 686 1304 τέχνην
700 1249 775 1289 καὶ
815 1261 952 1295 ουτως
982 1244 1176 1302 ἐμμελῶς
1210 1244 1255 1305 *)
1287 1242 1505 1289 διδάσκει.
1542 1244 1626 1301 ἐγώ
1658 1247 1766 1301 γοῦν

183 1322 258 1361 καὶ
301 1313 434 1367 αὐτος
474 1313 772 1373 ἐκαλλυνόμην
812 1332 862 1360 τε
902 1320 976 1359 καὶ
1016 1313 1260 1375 ἢβρυνόμην
1301 1313 1386 1367 ἄν,
1432 1316 1474 1359 εἰ
1511 1312 1766 1373 ἧπιστάμην

182 1389 348 1431 ταῦτα·
383 1383 487 1430 ἀλλ’
523 1383 576 1431 οὗ
608 1385 690 1446 γάρ
725 1386 995 1442 ἐπίσταμαι,
1032 1402 1067 1429 ω
1101 1381 1257 1445 ἄνδρες
1282 1381 1529 1444 Ἀθηναῖοι.
1553 1410 1625 1418 --
1649 1386 1763 1432 Cum

183 1457 250 1502 his
275 1457 421 1502 uerbis
442 1456 608 1515 dignus
631 1463 721 1509 est,
756 1456 832 1515 qui
855 1455 1112 1503 conferatur
1137 1454 1391 1499 Phaedouis
1413 1455 1550 1500 locus.
1620 1456 1772 1513 Cebes,

182 1527 244 1571 ibi
277 1526 406 1572 dicit.
459 1533 724 1585 „propterea
756 1524 876 1584 quod
908 1526 1114 1570 Socrates
1147 1540 1290 1589 nuper
1324 1525 1483 1584 Aesopi
1517 1523 1686 1570 fabulas
1718 1528 1773 1570 in·

182 1612 341 1641 uersus
372 1596 602 1653 redegerit
635 1596 936 1654 hymnumque
976 1595 1019 1638 in
1054 1595 1303 1652 Apollinem
1337 1595 1493 1639 fecerit
1517 1610 1624 1638 curu
1656 1596 1765 1640 aiios

181 1675 277 1711 tum
304 1666 542 1725 praecipue
565 1665 773 1709 Euenum
799 1665 987 1719 uenisse,
1018 1665 1093 1725 qui
1122 1664 1440 1723 interrogaret,
1472 1679 1561 1723 quo
1584 1663 1765 1712 tandem

183 1737 316 1781 modo
340 1736 505 1780 sactum
530 1736 612 1789 sit,
647 1742 697 1779 ut
719 1736 950 1788 Socrates,
986 1741 1139 1793 utpote
1162 1735 1239 1794 ‘qui
1262 1742 1392 1779 antea
1418 1727 1650 1795 nunquam·
1666 1751 1765 1780 car·-

182 1822 285 1852 men
311 1805 519 1859 finxerit,
554 1804 840 1849 hoc'demum
867 1812 1068 1867 ternpore
1095 1804 1138 1848 in
1164 1803 1362 1849 custodia
1385 1804 1581 1849 carmina
1605 1821 1766 1865 coepe-

181 1878 242 1922 rit
274 1874 483 1921 condere.
561 1875 748 1925 Quaerit
781 1882 887 1919 tunc
919 1890 975 1919 ex
1008 1875 1220 1928 Socrate,
1266 1874 1372 1933 quid
1406 1875 1588 1928 Eueno,
1631 1891 1763 1935 quem

180 1946 343 1992 iterum
366 1945 752 2004 interrogaturum
780 1961 875 2008 esse
898 1945 1171 2004 suspicetur,
1206 1944 1357 1990 dicat?
1416 1945 1502 1989 Cui
1528 1945 1766 2006 respondet

182 2018 409 2061 Socrates:
443 2016 540 2071 λέγε
562 2018 714 2060 τοίνυν
737 2011 857 2075 αὐτῷ
868 2049 886 2069 ,
923 2011 960 2059 ὦ
982 2015 1148 2074 Κέβης,
1184 2012 1353 2076 τάληθῆ
1363 2049 1380 2069 ,
1414 2013 1486 2060 ὅτι
1510 2012 1587 2060 οὐκ
1609 2015 1760 2077 ἐκείνῳ

181 2085 444 2145 βουλόμενος
462 2083 562 2131 οὐδὲ
578 2092 669 2136 τοῖς
686 2084 933 2144 ποιήμασιν
948 2083 1085 2131 αὐτοῦ
1100 2078 1352 2150 ἀντίτεχνος
1359 2086 1421 2146 **)
1438 2087 1554 2131 εἶναι
1570 2087 1771 2146 ἐποίησαΥ

240 2238 274 2285 *)
293 2233 358 2275 Ad
377 2234 472 2274 haec
491 2234 606 2274 uerba
625 2236 780 2290 adnotat
800 2235 1094 2276 Stallbaumius:
1124 2234 1271 2284 „uerba
1291 2236 1355 2273 καὶ
1374 2232 1494 2278 οὕτως
1512 2235 1679 2284 ἐμμελῶς
1697 2236 1763 2275 ui..

295 2292 432 2331 dentur
450 2291 689 2345 intelligenda
703 2301 781 2331 'esse
800 2292 847 2331 de
867 2292 1021 2332 modico
1041 2293 1162 2344 pretio
1188 2295 1262 2330 τῶν
1280 2291 1392 2331 πέντε
1413 2295 1526 2341 μνῶν.
1581 2293 1680 2333 Nam
1700 2293 1763 2343 ἐμὲ

296 2349 406 2400 μελὲς
425 2348 587 2399 dicitur,
617 2349 812 2405 quidquid
832 2364 854 2390 a
873 2358 972 2392 recto
993 2348 1111 2389 modo
1132 2363 1205 2390 non
1226 2349 1376 2391 recedit.
1417 2349 1640 2405 Metaphora
1661 2353 1757 2392 enim

293 2417 419 2448 sumta
439 2416 491 2447 est
511 2422 534 2446 a
554 2408 724 2456 musicis,
745 2408 814 2461 qui
834 2416 982 2447 seruant
1000 2407 1270 2460 praescriptum
1292 2408 1447 2448 canendi
1469 2409 1627 2449 modum
1648 2417 1763 2465 atque
1786 2437 1789 2440 -

243 2466 246 2468 ’
294 2479 507 2506 numerum.
567 2466 708 2520 Magna
727 2472 853 2505 autem
873 2464 935 2505 his
954 2464 1077 2505 uerbis
1096 2465 1189 2506 inest
1208 2465 1413 2508 urbanitas.
1472 2468 1572 2510 Nam
1593 2469 1762 2509 Socrates

294 2525 325 2564 si
345 2525 517 2565 dixisset.
537 2522 658 2568 οὕτως
677 2524 846 2571 εὐτελῶς,
866 2523 1038 2563 Euenum
1056 2531 1170 2579 atque
1184 2524 1279 2565 adeo
1296 2525 1458 2566 Calliam
1478 2527 1590 2566 nimis
1610 2527 1759 2567 risisset.

292 2582 390 2622 Vsus
417 2590 470 2621 est
495 2582 609 2635 igitur
635 2597 679 2623 eo
701 2574 916 2630 uocabulo,
938 2596 1026 2636 quo
1046 2596 1167 2637 quum
1188 2582 1377 2622 uideretur
1395 2583 1568 2624 Euenum
1589 2584 1760 2634 laudare,

296 2645 418 2678 tamen
447 2647 482 2678 et
506 2639 622 2681 huius
649 2639 722 2680 uiri
752 2639 944 2680 leuitatem
976 2647 1011 2680 et
1036 2647 1240 2711 ceterorum
1270 2639 1528 2714 sophistarum
1559 2643 1759 2683 auaritiam

297 2695 426 2736 acerbe
452 2705 606 2737 notaret.

219 2758 272 2808 st)
294 2757 371 2798 Hic
389 2756 511 2798 uerbis
530 2759 647 2799 lenem
667 2759 787 2799 Eueni
807 2759 1119 2802 cauillationem
1108 2775 1223 2802 messe
1242 2761 1367 2802 nullus
1385 2738 1629 2817 interpretum
1648 2775 1761 2815 prae-

294 2825 350 2857 ter
369 2813 633 2856 Heindorfium
653 2819 825 2871 negauit,
850 2819 921 2874 qui
941 2819 1168 2859 moriturum
1188 2835 1232 2859 ne
1250 2820 1481 2861 leuissimam
1502 2819 1659 2875 quidem
1680 2819 1760 2861 ho-
1792 2822 1802 2831 ⁶

299 2873 411 2914 minis
430 2873 706 2914 cauillationem
728 2875 854 2916 decere
873 2884 910 2917 et
928 2889 1021 2915 mox
1039 2876 1188 2930 insuper
1205 2876 1416 2944 sophistam
1435 2875 1630 2918 Simmiae
1635 2878 1759 2919 uerbis

300 2931 492 2987 perstringi
522 2930 628 2973 dicit.
690 2933 763 2973 Sed
789 2927 1054 2974 Heindor'fium
1082 2935 1203 2989 fugit,
1246 2936 1472 2977 moriturum
1500 2936 1656 2991 quidem
1685 2951 1758 2978 esse
