1943 3223
933 143 977 187 2

164 319 237 348 me
270 303 490 348 facturum
526 303 731 363 opinatus
764 317 886 358 sum,
933 305 994 358 si,
1037 318 1150 363 quae
1184 302 1240 347 de
1274 303 1340 347 his
1373 304 1542 349 Euenis
1574 309 1749 349 ueteres

164 373 471 429 tradiderunt,
507 390 594 418 non
622 375 764 418 minus
788 389 920 432 quam
935 406 948 429 ,
983 389 1096 433 quae
1120 372 1207 417 huc
1231 372 1335 417 illuc
1360 373 1567 433 dissipata
1590 374 1748 434 legun-

166 452 241 488 tur
264 444 460 489 carmina
484 445 768 504 colligerem,
803 444 1027 489 collecta
1016 460 1059 488 m
1092 450 1261 488 certum
1297 443 1519 522 quendam
1547 444 1747 489 ordinem

165 513 421 573 redigerem
445 514 887 573 adnotationibusque
911 513 1238 558 adumbrarem.

931 582 984 629 2.

258 655 356 698 Iam
392 670 499 698 uero
541 669 594 698 ex
631 653 766 698 libelli
800 655 939 698 nostri
973 654 1257 712 inscriptione
1289 653 1554 709 conieceris,
1601 652 1778 713 plures·

166 723 299 769 fuisse
333 725 537 779 Euenos,
573 730 619 768 et
655 731 776 769 recte
810 723 1012 784 quidem;
1050 739 1148 769 nam
1185 723 1247 779 si,
1293 739 1424 785 quem
1460 725 1502 768 in
1536 723 1749 769 eiusmodi

166 795 498 853 quaestionibus
516 786 828 853 primum²fere
851 794 1084 839 cunsulere
1105 794 1441 848 consueuimus,
1475 795 1656 844 Suidam
1684 795 1750 839 in-

165 865 362 922 spexeris
374 896 387 919 ,
423 871 468 908 te
504 880 591 909 non
625 864 824 923 fugerint
859 863 927 923 (s.
965 881 1059 908 uoc.
1086 861 1286 924 Εὔηνος)
1324 865 1430 908 baec
1464 866 1622 909 uerba:
1658 863 1749 908 Δύο

165 931 478 993 ἀναγράφουσι
509 932 760 993 γεγράφθαι
790 934 992 989 ἐλεγείων
1024 934 1210 992 ποιητὰς
1241 939 1315 978 καὶ
1348 931 1624 994 ἀμφοτέρους
1652 936 1747 977 Πα-

166 1006 298 1063 ρίους.
347 1003 474 1048 Idem
512 1004 667 1048 iisdem
702 1005 848 1048 uerbis
881 1005 1070 1049 Photius
1103 1005 1146 1047 in
1183 1005 1271 1049 lex.
1304 1021 1339 1048 s.
1368 1020 1408 1048 u.
1433 1001 1601 1063 Εὔηνος
1630 999 1750 1059 dicit,

170 1074 287 1118 unde
311 1074 462 1133 colligi
488 1074 610 1128 licet,
630 1074 813 1119 Suidam
838 1082 917 1118 aut
941 1074 1223 1132 exscripsisse
1243 1074 1455 1118 Photium
1480 1082 1558 1118 aut
1580 1080 1750 1118 utrum-

167 1159 257 1203 que
282 1144 648 1202 lexicographum
674 1160 729 1189 ex
755 1144 910 1189 eodem
939 1145 1060 1189 sonte
1085 1144 1291 1188 hausisse.
1356 1143 1448 1188 Sed
1475 1152 1652 1203 praeter
1676 1145 1753 1189 bos

166 1213 327 1257 Parios
360 1215 405 1257 in
439 1214 657 1260 lemmatis
697 1214 1268 1274 oerminuvanthologiae
1300 1206 1515 1259 Graec-ae
1540 1221 1750 1273 quattuor

166 1285 349 1343 insuper
380 1286 996 1340 commemorantur-Eueni,
1031 1285 1204 1329 Siculus
1237 1283 1443 1343 quidam,
1478 1285 1752 1336 Ascalonitis,

168 1353 449 1405 Atheniensis
458 1386 473 1409 ,
508 1361 556 1399 et
580 1356 934 1409 Grammaticus,
970 1371 1081 1415 quos
1104 1354 1321 1413 deinceps
1342 1356 1383 1398 in
1411 1355 1750 1414 disputationem

170 1424 438 1468 uocabimus.
504 1424 821 1471 Redeundum,
842 1433 990 1469 autem
1024 1426 1080 1468 ad
1113 1425 1277 1468 Suidae
1312 1426 1473 1478 uerba,
1518 1425 1561 1468 in
1595 1426 1754 1483 quibus

170 1493 362 1552 primum
399 1500 449 1537 ut
474 1509 811 1553 ‚superuacanea
845 1494 1033 1556 offendit
1071 1509 1156 1539 uox
1197 1492 1477 1552 γεγράφθαι,
1522 1510 1653 1553 quam
1696 1510 1752 1538 ex

170 1563 295 1608 uaria
329 1563 516 1607 lectione
547 1571 689 1608 ortam
722 1571 816 1609 es'se
860 1564 1098 1609 uerisimile
1131 1570 1223 1616 est,
1269 1571 1323 1607 ut
1352 1565 1563 1622 scriptum
1598 1564 1754 1608 fuerit:

170 1631 250 1679 δύο
275 1630 619 1693 ἀναγεγράφθαι
641 1640 758 1693 φασῑ
782 1635 817 1680 ἐ.
844 1652 894 1679 π.
965 1635 1020 1679 Id
1045 1635 1311 1678 confirmant
1336 1636 1471 1679 uerba
1494 1634 1754 1692 Harpocra-

171 1704 327 1758 tionis,
363 1719 495 1763 quem
522 1704 707 1750 fortasse
739 1713 784 1750 et
813 1705 1001 1749 Photius
1033 1712 1078 1749 et
1101 1703 1262 1749 Suidas
1289 1711 1392 1749 ante
1416 1704 1566 1750 oculos
1590 1705 1753 1749 habue-

171 1782 301 1829 runt,
338 1774 450 1819 hanc
484 1775 685 1820 uoculam
722 1777 965 1821 emittentis
1001 1775 1071 1836 (s.
1098 1791 1141 1819 ιι.
1166 1772 1389 1835 Εύηνος);
1448 1772 1681 1834 ιΥπεριῖὁης
1703 1775 1754 1820 ἐν

169 1848 233 1902 τῷ
255 1842 350 1887 κατ’
374 1841 669 1895 Αὐτοκλέους·
706 1845 784 1890 δύο
817 1844 1158 1905 ἀναγράφουσιν
1180 1842 1373 1903 Εὖῆνους
1404 1846 1604 1900 ἐλεγείων
1625 1861 1752 1903 ποιη-

170 1914 249 1964 τὰς
288 1911 544 1971 ὁμωνύμους
584 1913 806 1974 ἀλλήλοις·
850 1913 1058 1974 καθάπερ
1095 1906 1419 1975 Ἐρατοσθένης
1460 1915 1510 1960 ἐν
1551 1918 1614 1975 τῷ
1644 1920 1749 1976 περὶ

173 1985 547 2068 Χρονογραφιῶν,
583 1983 865 2070 ἀμφοτέρους
894 1988 1033 2042 λέγων
1056 1987 1252 2044 Παρίους
1283 1987 1422 2030 εἶναι·
1458 1957 1752 2045 γνωρίζεσθαι

172 2053 224 2099 δέ
247 2067 358 2113 φησι
380 2071 461 2099 τον
484 2053 700 2116 νεώτερον
721 2055 883 2115 μόνον.
919 2060 1135 2115 μέμνηται
1159 2056 1207 2102 δὲ
1230 2058 1428 2116 θατέρου
1451 2061 1524 2101 καὶ
1543 2053 1751 2101 Πλάτων.

172 2124 486 2175 Quaestionem
527 2125 668 2184 igitur
710 2129 900 2186 primum
948 2127 1005 2172 de
1047 2135 1235 2186 utroque
1278 2127 1412 2170 Pario
1461 2127 1754 2181 instituemus,

172 2194 230 2239 ad
254 2210 413 2254 quam„
439 2201 672 2255 antequam
699 2198 982 2253 accedamus,
1017 2196 1375 2245 constituendum
1403 2196 1604 2250 uidetur,
1640 2212 1754 2255 quae

172 2265 229 2309 sit
262 2280 370 2309 uera
404 2266 550 2310 Eueni
586 2268 771 2312 nominis
800 2270 1033 2327 scriptura.
1105 2267 1333 2311 Uti.enim
1360 2265 1625 2325 Panyasidis
1660 2265 1753 2325 (cf.

173 2334 405 2379 Tzschirn.
431 2333 488 2379 de
515 2335 708 2396 Panyas.
745 2354 788 2396 p.
817 2344 859 2383 7.
894 2338 994 2397 sq.)
1031 2344 1078 2380 et
1101 2336 1486 2381 innumerabilium
1521 2336 1614 2381 sere
1644 2337 1751 2381 scri-

174 2413 350 2463 ptorum
385 2406 563 2450 nomina
600 2406 877 2452 librariorum
913 2415 991 2451 aut
1025 2407 1300 2466 negligentia
1346 2406 1633 2467 socordiaque
1674 2415 1752 2452 aut

174 2476 343 2520 inscitia
366 2484 576 2536 corrupta
603 2486 721 2532 sunt,
759 2478 818 2522 ita
843 2478 990 2522 Eueni
1016 2493 1173 2521 nomen
1203 2492 1512 2537 nonnunquam
1532 2477 1754 2536 reperitur

173 2543 478 2602 deprauatum.
559 2547 809 2607 Praecipue
853 2549 1026 2592 uariant
1065 2547 1240 2593 codices
1279 2547 1410 2592 MSS.
1452 2548 1754 2607 editionesque

172 2629 328 2659 eorum
363 2617 654 2675 scriptorum,
705 2634 729 2662 a
766 2619 924 2677 quibus
957 2625 1327 2664 commemoratus
1365 2625 1432 2663 est
1463 2619 1673 2671 Euenus,
1708 2617 1752 2660 in

172 2681 341 2743 Εὔηνος
373 2693 418 2730 et
449 2682 614 2744 Εὔηνός
645 2689 889 2748 scriptura,
926 2705 1056 2749 quam
1082 2689 1449 2748 discrepantiam,
1483 2688 1630 2749 quoad
1655 2687 1753 2731 fieri

173 2756 361 2814 poterit,
405 2756 561 2801 tollere
602 2760 871 2804 conabimur.
944 2761 1051 2804 Huc
1089 2776 1196 2805 uero
1232 2759 1450 2804 facturum
1489 2759 1621 2803 etiam
1658 2773 1755 2803 esse

173 2833 295 2883 puto,
320 2825 451 2880 scire,
486 2841 573 2885 quo
599 2828 729 2872 modo
753 2830 935 2876 Eueni
967 2829 1137 2875 fluuii
1163 2846 1320 2875 nomen
1347 2848 1372 2876 a
1398 2829 1622 2875 ueteribus
1645 2829 1752 2873 scri-

172 2904 295 2954 ptum
320 2897 398 2941 sit:
435 2911 535 2941 nam
562 2897 755 2943 fluminis
778 2916 803 2944 a
823 2907 978 2959 poetae
1001 2902 1176 2947 nomine
1200 2909 1248 2947 ut
1266 2901 1493 2946 diuersum
1512 2899 1643 2945 fuisse
1665 2907 1752 2944 sta-
