1943 3223
163 318 337 371 tuamus
362 337 447 366 non
472 321 683 366 habemus
704 319 862 364 iustam
887 331 1082 361 caussam
1098 315 1161 377 *).
1204 311 1373 376 Εὔηνός
1393 318 1576 377 praebet
1600 317 1740 364 Time.

162 397 228 440 ΙΙ.
250 397 331 441 83.
349 380 624 452 improbante
645 390 791 448 Popp.
811 387 999 446 Proleg.
1018 386 1161 431 Thuc.
1187 387 1245 432 Τ.
1266 387 1331 431 Π.
1365 402 1409 446 Ρ,
1439 394 1549 434 160.
1576 385 1743 447 Εὔηνος

160 479 216 509 ex
236 462 437 507 *omnium
462 460 662 507 codicum
687 469 904 504 consensu
934 451 1116 501 habent:
1162 456 1299 518 Soph.
1325 457 1486 503 Trach.
1514 462 1630 506 559.
1670 460 1741 503 ed.

162 534 279 578 Neu.
305 532 560 593 Apollodor.
595 531 635 574 Ι.
672 536 719 582 7,
756 533 798 572 7.
838 533 883 574 8.
919 525 1019 587 (ubi
1053 528 1208 573 Martis
1240 527 1358 573 filius
1389 528 1452 572 ita
1481 528 1624 574 dictus
1648 529 1742 590 est)

158 604 225 648 ΙΙ.
252 607 300 657 5,
328 605 372 648 4.
412 609 460 658 7,
492 607 536 647 6.
572 601 733 645 Strabo
760 598 865 642 VII.
903 612 944 656 p.
980 602 1079 645 327
1112 597 1243 661 (bis).
1280 598 1414 643 VIII.
1451 614 1495 658 p.
1528 603 1644 645 336.
1679 601 1740 646 X.

159 690 203 733 p.
240 676 355 720 451.
400 669 510 732 (ubi
534 678 682 716 tamen
709 668 907 712 nonnulli
931 668 1102 713 codices
1125 677 1170 714 et
1193 669 1411 715 editiones
1434 670 1632 714 scribunt
1655 672 1739 714 Ev-

154 745 283 803 τῆνος
305 740 434 804 (sic).
459 741 520 786 X.
544 757 587 802 p.
610 743 726 787 459.
764 739 899 783 XIII.
925 753 968 798 p.
997 741 1111 786 614.
1145 739 1218 785 ubi
1243 739 1473 786 Mediceus
1496 740 1579 785 IV.
1607 740 1736 786 habet

156 810 354 863 Εὔοινος.
424 808 592 869 Εὔηνος
614 811 878 869 scripturam
903 811 1168 854 confirmant
1190 811 1322 856 etiam
1346 810 1536 856 Diodori
1563 811 1739 856 codices

154 890 200 927 et
226 884 323 927 Vib.
348 883 552 941 Sequest.
590 896 634 940 p.
661 885 742 926 31.
769 882 850 926 34.
923 879 1050 939 Apud
1075 881 1326 924 Homerum
1369 879 1461 940 (Il.
1482 881 1550 925 II.
1585 880 1737 941 693.)

153 953 335 1012 eiusque
358 951 611 996 scholiastas
644 949 725 1010 (cf.
760 966 803 1010 p.
832 953 913 996 83.
950 964 993 1008 Ρ.
1020 955 1136 995 267.
1170 948 1240 994 ed.
1265 949 1436 1011 Bekk.)
1463 948 1632 1010 Εὔηνός
1655 967 1735 995 ex-

152 1028 324 1067 aratum
361 1029 450 1076 est,
483 1020 604 1081 apu'd
639 1020 921 1066 Eustathium
948 1034 1055 1064 uero
1089 1017 1171 1079 (ad
1194 1019 1323 1065 Iliad.
1348 1021 1412 1066 II.
1440 1024 1539 1072 593
1574 1030 1621 1066 et
1645 1022 1733 1066 IX.

154 1095 254 1139 5513
280 1091 372 1152 sq.)
395 1088 579 1150 Εὔηνος,
616 1105 747 1151 quam
772 1091 958 1136 formam
980 1088 1203 1134 Hesiodus
1226 1105 1402 1150 quoque
1419 1091 1595 1150 Theog.
1617 1093 1732 1137 345.

149 1162 267 1207 tueri
291 1161 485 1207 uidetur.
530 1163 634 1207 Non
655 1162 800 1205 minor
813 1168 883 1206 est
899 1160 1217 1219 scripturarum
1240 1161 1432 1206 uarietas
1452 1161 1494 1205 in
1518 1161 1639 1205 libris
1657 1177 1732 1205 eo-

150 1243 249 1277 rum
274 1233 538 1291 scriptorum
555 1264 567 1286 ‚
602 1232 677 1291 qui
702 1239 877 1291 poetam
902 1231 1109 1276 Euenum
1134 1239 1496 1276 commemorant.
1545 1232 1729 1276 Etenim

150 1301 194 1346 in
228 1302 348 1347 Plat.
383 1301 578 1347 Phaedr.
616 1317 659 1362 p.
695 1308 812 1348 267.
837 1303 891 1347 A.
936 1299 1185 1346 Phaedon:
1202 1316 1245 1360 p.
1274 1307 1354 1348 60.
1389 1302 1448 1347 D.
1495 1317 1539 1361 p.
1569 1307 1648 1347 61.
1675 1303 1729 1346 C.

148 1372 323 1418 Arrian.
353 1372 530 1431 Disput.
574 1373 763 1431 Epistet.
790 1373 871 1418 IV.
909 1378 954 1418 9.
994 1378 1039 1418 6.
1094 1371 1276 1416 Aristot.
1312 1371 1509 1432 Metaph.
1553 1372 1636 1416 IV.
1681 1377 1728 1419 5.

147 1440 242 1501 (ed.
268 1441 486 1502 Brandis)
511 1441 649 1500 uulgo
672 1442 840 1501 legitur
862 1439 1045 1499 Εὔηνός,
1081 1448 1236 1485 contra
1260 1441 1306 1485 in
1331 1442 1511 1486 Platon.
1535 1442 1727 1500 Apolog.

147 1527 189 1570 p.
218 1517 297 1558 20.
323 1512 378 1556 Β.
414 1512 597 1555 Aristot.
622 1511 769 1556 Ethic.
794 1511 987 1556 Eudem.
1011 1510 1075 1554 II.
1104 1507 1149 1555 7'.
1184 1510 1266 1556 VI.
1304 1517 1381 1556 10.
1419 1512 1597 1555 Nicom.
1623 1512 1728 1555 VII.

152 1587 228 1626 11.
264 1580 490 1625 Eratosth.
516 1596 586 1640 ap.
611 1580 835 1639 Harpocr.
870 1580 900 1624 l.
931 1597 995 1634 c.‚
1039 1579 1218 1624 Anthol.
1244 1579 1410 1634 Palat„
1454 1580 1614 1624 Athen.
1640 1581 1726 1625 IX.

144 1667 187 1710 p.
215 1655 332 1707 367.
357 1651 413 1695 Ε.
450 1652 511 1696 Χ.
546 1666 590 1709 p.
612 1651 727 1697 429.
752 1651 827 1704 F„
863 1649 1133 1695 Artemidor.
1158 1650 1313 1694 Oneir.
1333 1651 1373 1695 Ι.
1401 1651 1446 1695 4.
1472 1652 1565 1705 fin„
1600 1651 1726 1697 Suid.

142 1721 172 1765 l.
196 1737 262 1777 c.,
298 1727 423 1767 extat
443 1716 612 1780 Εὔηνος
633 1721 869 1780 scriptura.
915 1721 1129 1766 Ceterum
1154 1719 1287 1765 etiam
1313 1720 1357 1765 in
1384 1720 1489 1766 locis
1514 1721 1727 1777 Phaedri,

146 1791 398 1836 Phaedonis
439 1799 485 1836 et
517 1792 700 1836 Aristot.
733 1791 929 1851 Metaph.
963 1792 1045 1838 IV.
1077 1795 1121 1839 5.
1166 1798 1280 1836 teste
1318 1792 1529 1836 Bekkero
1570 1793 1726 1851 optimi

140 1860 314 1905 codices
338 1862 380 1904 in
403 1858 571 1919 Εὔηνος
593 1860 781 1905 lectione
804 1862 1099 1906 consentiunt.
1149 1860 1329 1905 Nullius
1355 1868 1502 1905 autem
1528 1862 1723 1905 auctori·

140 1931 243 1975 tatis
265 1937 332 1975 est
356 1932 531 1975 Arriani
557 1931 701 1984 locus,
738 1946 837 1975 nam
874 1932 1050 1976 infimae
1082 1930 1311 1989 dignitatis
1339 1938 1441 1973 sunt
1467 1930 1594 1974 huius
1621 1931 1722 1975 libri

139 2000 328 2054 codices,
362 2016 500 2059 quare
521 1998 804 2055 Αόαμάντιος
826 2002 1019 2060 Κοραῆς,
1047 1999 1307 2043 nouissimus
1324 1999 1501 2059 Disput.
1522 2000 1719 2059 Epictet.

139 2070 284 2115 editor
318 2069 443 2129 (Vol.
463 2071 528 2115 ῙΙ.
553 2087 595 2130 p.
619 2069 746 2131 429)
781 2068 948 2129 Εὔηνός
970 2071 1014 2114 in
1035 2061 1207 2128 ΑΕὔηνος
1231 2070 1392 2114 mutari
1417 2071 1556 2124 iussit,
1592 2071 1719 2116 cuius

138 2139 318 2195 iudicio,
341 2154 442 2185 cum
460 2142 553 2200 ipse
574 2142 774 2186 Graecus
793 2141 865 2196 sit,
888 2141 1162 2200 aliquantum
1183 2140 1345 2185 tribuo.
1383 2140 1717 2200 Etymologiam

137 2227 263 2265 uero,
299 2211 334 2255 si
359 2212 455 2271 quis
481 2212 684 2271 persequi
708 2212 833 2266 uelit,
869 2219 918 2256 ut
943 2211 1131 2257 multum
1154 2210 1436 2256 confecturus
1459 2213 1515 2255 sit
1540 2227 1715 2269 uereor,

136 2282 341 2341 quoniam
382 2298 467 2326 non
503 2282 608 2327 satis
648 2281 810 2341 liquet,
855 2297 1044 2342 quorum
1079 2298 1135 2327 ex
1169 2282 1406 2326 uerborum
1439 2282 1713 2327 connexione

136 2352 245 2397 illud
277 2348 445 2410 Εὔηνος
478 2352 714 2406 coaluerit,
752 2351 854 2397 licet
884 2352 995 2398 hauc
1027 2368 1183 2397 uocem
1217 2350 1400 2412 (nescio
1422 2367 1476 2395 an
1503 2368 1557 2395 ex
1586 2348 1635 2396 εὖ
1666 2360 1714 2397 et

133 2419 235 2483 ἢνία
247 2422 331 2484 **))
364 2424 650 2483 compositam
675 2437 774 2467 esse·
792 2430 985 2479 constet3
1012 2424 1153 2483 magis
1177 2422 1357 2467 fortasse
1380 2422 1581 2480 proficiat
1605 2438 1711 2468 ana-

192 2572 225 2620 *)
247 2564 413 2610 Fortasse
440 2572 509 2625 qui
536 2573 682 2625 primus
709 2572 827 2611 Eueni
855 2587 990 2611 nomen
1018 2572 1103 2610 tulit
1130 2572 1206 2619 vir,
1236 2570 1276 2609 id
1303 2584 1324 2608 a
1344 2570 1469 2609 ssuuio
1499 2571 1549 2610 ob
1571 2581 1709 2612 certam

245 2629 295 2668 ali
328 2642 416 2667 uam
437 2642 606 2682 caussam
628 2629 750 2669 duxit.
788 2651 845 2669 „—
884 2628 1056 2669 Eustath.
1077 2628 1124 2667 ad
1146 2630 1262 2666 Hom.
1285 2629 1332 2667 11.
1355 2629 1411 2668 ΙΙ.
1435 2634 1533 2671 693.
1569 2631 1710 2670 Ἰστὲον

247 2686 287 2726 δὲ
303 2701 359 2725 οτι
377 2686 467 2728 τοὺς
488 2688 727 2736 εἰρημένους,
756 2686 823 2726 τὸν
840 2686 1006 2736 Μύνητοι
1026 2687 1089 2724 καὶ
1107 2685 1173 2724 τὸν
1188 2686 1460 2737 Ἐπίστροφον,
1490 2689 1596 2731 υἱέας
1614 2689 1710 2738 λέγει

246 2746 423 2793 Εὐήνου,
453 2744 642 2797 ὁμωνύμῳ
660 2749 815 2796 ποταμῷ
833 2749 905 2784 τινὶ
926 2748 1085 2792 ἀλλαχοῦ
1106 2746 1275 2796 κειμένῳ.

169 2804 223 2851 **)
245 2804 307 2844 Cf.
337 2801 651 2843 narratiunculam
679 2802 728 2842 ab
749 2803 923 2844 Eustath.
949 2804 999 2844 ad
1018 2804 1133 2842 Hom.
1155 2804 1204 2843 Il.
1227 2804 1301 2844 IX.
1325 2808 1421 2845 559.
1454 2801 1494 2857 p.
1515 2810 1613 2845 297.
1645 2806 1704 2845 ed.

245 2862 347 2915 Lips.
368 2862 568 2915 prolatam.
588 2884 645 2891 —
672 2863 761 2902 Huc
780 2861 945 2904 fortassis
964 2863 1075 2903 etiam
1097 2862 1188 2903 facit
1208 2862 1314 2902 locus
1334 2863 1494 2915 Syncelli
1508 2892 1518 2910 ,
1549 2862 1596 2901 de
1623 2878 1703 2918 quo

242 2922 373 2972 paullo
398 2919 562 2960 inferius.

1370 2985 1391 3022 1
1412 2982 1426 2999 ι.
