1943 3223
811 236 826 239 .„
838 236 875 239 -..
886 237 895 239 -
905 237 909 240 ,
939 236 1132 244 -.,.-..,,1-Π
1143 238 1157 240 v
1178 237 1182 240 .

181 330 505 390 fragmentum,
542 328 660 389 quod
677 328 734 372 ad
752 344 940 390 sequens
959 331 1105 385 Eueni
1122 345 1301 375 carmen
1320 331 1531 391 adscripsi
1548 337 1594 377 et
1612 330 1768 376 Athen.

185 400 252 445 Π.
278 415 321 459 p.
342 404 422 446 3-7.
461 401 623 446 Anacr.
651 404 730 446 67.

926 513 977 561 6.
996 517 1038 561 b.

280 622 474 681 Legitur
496 622 538 665 in
555 619 655 665 cod.
677 620 824 665 Palat.
848 621 1172 681 (Anthologiae
1192 621 1303 683 Gr.)
1327 638 1371 682 p.
1396 626 1510 668 413.
1534 637 1636 667 cum
1662 623 1771 667 lem—

186 700 324 737 mate:
358 689 521 737 Εὗινου
545 689 674 752 (sic).
728 692 981 752 Receptum
1001 692 1102 737 inde
1126 708 1152 737 a
1171 692 1371 738 Brunck.
1391 693 1435 738 in
1456 695 1617 738 Gnom.
1636 693 1770 738 Gnl.

185 780 228 822 p.
261 770 372 810 166.
410 779 450 806 n.
483 766 561 809 15.
596 763 725 807 Anal.
741 763 778 807 I.
814 770 856 808 1.
881 779 923 822 p.
945 769 1059 810 327.
1096 764 1265 808 Iacobs.
1292 764 1427 808 Anth.
1452 764 1549 809 Pal·
1569 765 1655 809 XI.
1693 765 1773 809 49.

323 843 501 900 Βάκχου
524 847 705 930 μέτρον
713 841 923 905 α’ριστον,
966 843 991 891 ὃ
1013 845 1071 904 μὴ
1094 845 1210 890 ’πολῦ
1245 843 1353 905 μηδ’
1376 844 1629 902 ἐλάχιστον,

454 915 556 959 ἐστι
580 916 663 975 γὰρ
687 914 713 973 ἢ
735 913 874 973 λύπης
897 917 1038 966 αἶτιος
1061 913 1087 974 ἢ
1109 920 1280 974 μανίης.

325 987 484 1046 Χαῖρει
506 984 764 1045 κιρνάμενος
788 984 837 1029 δὲ
860 991 1008 1045 τρισὶν
1032 983 1272 1044 Νύμφαισι
1295 989 1520 1047 τέταρτος,

440 1059 591 1113 ,τῆμος
613 1060 686 1099 καὶ
709 1054 934 1112 θαλάμοις
957 1054 1125 1101 ἐστὶνζ
1105 1055 1402 1113 ετοιμότατος.

327 1127 369 1170 εἰ
390 1126 438 1170 δὲ
461 1125 600 1176 πολὺς
623 1124 883 1179 πνεύσειεν,
921 1123 1241 1187 ἀπέστραπται
1263 1123 1572 1187 μέν’Έρωτας,

456 1199 659 1253 βαπτίζει
683 1194 726 1239 δ’
750 1195 904 1256 ὕπνῳ,
942 1200 1104 1253 γείτονι
1131 1200 1195 1257 τῷ
1217 1195 1437 1242 θανᾶτου.

182 1280 385 1329 Quorum
412 1294 622 1323 uersuum
649 1279 889 1337 impetrare
915 1295 941 1323 a
969 1295 1040 1323 me
1065 1295 1152 1323 non
1179 1295 1372 1340 possum,
1408 1280 1514 1338 quin
1540 1286 1770 1323 uenustam

185 1350 314 1409 Hug.
339 1349 487 1393 Grotii
515 1349 762 1393 uersionem
788 1349 991 1393 afferam.

325 1430 493 1475 Lenaei
527 1429 686 1474 modus
720 1437 788 1474 est
824 1431 942 1475 inter
979 1430 1253 1490 nimiumque
1288 1437 1535 1490 parumque

457 1500 689 1560 Optimus,
725 1500 827 1545 hinc
864 1516 1041 1545 moeror
1078 1516 1178 1545 nam
1219 1501 1364 1555 uenit,
1400 1500 1504 1545 inde
1540 1500 1679 1545 furor.

324 1572 501 1630 Nempe
537 1572 678 1615 tribus
715 1571 937 1631 Nymphis
972 1578 1158 1631 quartus
1191 1571 1315 1631 cupit
1349 1571 1442 1631 ipse
1479 1571 1642 1631 iugari,

459 1641 591 1686 Tunc
627 1642 761 1686 etiam
798 1642 1001 1687 thalamis
1036 1641 1182 1700 aptior
1217 1642 1291 1686 ille
1327 1643 1466 1686 uenit.

324 1714 383 1756 At
419 1713 580 1756 nimius
614 1727 714 1755 cum
752 1712 917 1771 spirat,
952 1726 1077 1756 amor
1113 1711 1251 1771 fugit:
1286 1713 1379 1771 ipse
1414 1726 1573 1771 sopore

461 1783 562 1826 Hos
599 1782 792 1841 mergit,
827 1797 958 1840 sopor
994 1781 1065 1825 hic
1102 1782 1207 1840 quid
1246 1782 1326 1826 nisi
1365 1781 1483 1826 mors
1519 1781 1604 1826 alia
1640 1785 1739 1825 est?

276 1865 347 1908 Ex
382 1863 661 1923 singulorum
700 1878 908 1907 uersuum
945 1863 1308 1909 homoeoteleutis
1352 1860 1593 1924 ,,ο’ἒριστον,
1628 1858 1771 1918 ἑλάχιὲ

182 1950 309 1988 στον,
333 1933 488 1992 λύπης,
513 1937 721 1992 μανίηςίί,
767 1934 989 1978 Weberus
1012 1931 1312 1993 (Poet.Eleg.
1330 1935 1394 1978 ΙΙ.
1418 1950 1462 1994 p.
1480 1932 1622 1995 633.)
1647 1949 1774 1993 posse

183 2013 310 2064 putat
333 2005 509 2063 colligi,
544 2005 599 2047 ab
624 2003 816 2063 sophista
843 2004 1091 2064 profectum
1124 2020 1218 2049 esse
1251 2004 1335 2048 hoc
1358 2020 1563 2059 carmen,
1599 2010 1645 2048 et
1669 2019 1772 2063 pro-

184 2083 337 2134 pterea
372 2075 532 2118 Eueno
565 2074 720 2118 maiori
753 2073 1064 2128 tribuendum
1100 2073 1177 2118 sed
1212 2075 1414 2135 quamuis
1446 2074 1579 2119 etiam
1616 2089 1694 2118 nos
1717 2074 1773 2117 ab

184 2146 267 2190 hoc
292 2147 451 2190 Eueno
477 2146 628 2190 fictum
656 2145 925 2200 dixerimus,
961 2152 1111 2190 tamen
1137 2160 1223 2189 non
1248 2145 1351 2190 inde
1376 2144 1567 2205 petenda
1593 2144 1773 2189 uidetur

185 2217 308 2260 nobis
333 2232 499 2260 caussa.
565 2215 745 2260 Etenim
774 2215 901 2259 huius
925 2215 1236 2260 homoeoteleti
1267 2215 1386 2275 apud
1422 2231 1574 2260 omnes
1605 2215 1772 2274 elegia-

184 2303 284 2331 rum
310 2294 464 2345 poetas
487 2301 589 2330 eum
615 2287 658 2329 in
685 2286 955 2330 hexametris
979 2293 1074 2330 tum
1107 2287 1150 2329 in
1177 2287 1465 2345 pentametris
1489 2286 1774 2344 reperiuntur

183 2356 413 2416 exempla,
450 2355 575 2399 uelut
606 2355 675 2399 in:

279 2439 486 2497 Theogn.
513 2443 595 2483 87.
630 2435 730 2496 (W.
760 2443 841 2483 29.
875 2436 986 2495 Bk.)

389 2510 633 2561 Πέπνυσο,
670 2504 774 2566 μηδ’
803 2508 1058 2566 αἰσχροῖσιν
1081 2504 1152 2552 ἐπ’
1177 2506 1363 2567 ἔργμασι
1386 2505 1489 2566 μηδ’
1514 2505 1746 2554 αὸίκοισιν.

184 2578 300 2623 ibid.
326 2583 441 2625 537.
477 2577 578 2638 (W.
615 2580 732 2624 443.
767 2576 882 2639 Bk.)

392 2649 531 2699 δειλὸς
555 2647 600 2693 δ’
625 2646 728 2695 οὕτε
745 2655 949 2694 κακοῖσιν
971 2647 1213 2693 ἐπίσταται
1236 2643 1336 2694 οὔτ’
1361 2645 1616 2705 ἀγαθοῖσιν.

184 2719 400 2766 Simonid.
425 2721 505 2765 Ce-
528 2720 602 2765 ed.
626 2719 908 2776 Schneidew,
944 2735 988 2779 p·
1020 2723 1132 2766 150.
1688 2712 1691 2714 ’

392 2790 616 2836 πλείστων
639 2791 691 2850 δὴ
714 2788 855 2845 τόξων
877 2808 927 2836 τε
949 2795 1024 2835 καὶ
1047 2788 1290 2836 ωκυπόὸων
1313 2793 1519 2842 σθένος”
1499 2806 1667 2836 ιππων.

185 2862 336 2908 Solon.
361 2861 447 2924 sgt.
475 2862 518 2905 4.
556 2877 669 2906 uers.
696 2868 741 2908 7.

390 2930 609 2994 μυρμηκός
631 2930 668 2976 τ’
693 2930 883 2991 ἄφενος,
920 2930 1123 2992 χρήματα
1150 2932 1400 2990 μαιόμενος.
