1943 3223
212 350 382 393 ταῦτα
422 340 549 409 ’ᾔδειν
575 342 696 404 γὰρ,
730 340 788 394 ὡς
822 338 876 386 οὗ
907 337 1164 400 ῥᾴδιονεῐη
1166 370 1178 384 .
1250 338 1306 383 In
1330 339 1613 397 sequentibus
1638 321 1796 386 narrat
1825 353 1827 355 ·

210 420 441 471 Socrates,
474 414 581 476 quid
605 429 707 460 eum
731 409 1048 465 commouerit,
1085 415 1134 454 nt
1156 408 1353 459 carmina
1379 423 1494 454 nunc
1517 411 1694 471 fingere
1717 424 1792 453 su-

70 462 85 470 ,
128 481 130 483 ¹
212 482 418 546 aceperit.
445 486 626 531 Postea
649 483 796 529 addit:
830 483 979 525 ταῦτα
996 475 1094 533 οὖν,
1119 475 1154 524 ὦ
1177 481 1335 539 Κέβης,
1358 475 1513 539 Εὐήνῳ
1536 479 1693 541 φράζε,
1717 484 1793 523 καὶ

210 551 439 618 ἐρρῶσθαι
460 560 559 609 καὶ,
596 551 655 600 ἂν
677 554 915 616 σωφρονῇ,
950 550 1028 608 ἐμὲ
1050 547 1223 597 διωκειν
1245 548 1303 602 ὥς
1326 548 1532 606 τάχιστα.
1574 548 1791 597 Socratis

211 628 454 672 orationem
479 625 684 670 Simmias
707 622 873 682 excipit
897 622 963 672 liis
986 622 1154 667 uerbis:
1189 622 1288 668 οἷον
1317 618 1610 682 παρακελεῦει
1639 625 1791 684 τοῦτο,

212 695 257 743 οῗ
292 695 549 756 Σώκρατες,
584 691 767 754 Εὕηνῳς
809 691 959 738 πολλοὶ
997 692 1078 753 γὰρ
1120 689 1198 753 ἤδη
1238 690 1502 752 ἐντετύχηκα
1542 694 1606 752 τῷ
1631 688 1789 752 ἀνδρί.

213 767 374 822 σχεδὸν
396 762 477 811 οὖν
499 766 546 819 ἐξ
569 761 633 810 ὧν
654 765 738 819 ἐγὼ
761 760 985 822 ᾔσθημαι,
1022 760 1116 807 οὐδ’
1149 761 1393 814 ὃπωςτιοῧν
1420 774 1499 809 ’σοι
1531 761 1645 808 ἑκὼν
1675 763 1793 806 εἶναι

212 839 430 881 πείσεται.
507 834 565 879 Τί
592 835 693 889 δαίς
738 830 765 891 ἢ
803 830 848 876 δ’
867 832 959 884 ὅς·
1006 830 1058 878 οὗ
1097 831 1346 893 φιλόσοφος
1377 830 1572 893 Baiuras,-
1604 829 1793 890 ’·Έμοιγε

211 906 353 960 δοκεῖ,
391 906 476 964 ἐφη
499 903 524 950 ὃ
541 906 764 962 Σίμμιας·
795 900 1024 973 Ἔθελκῆσει
1052 907 1230 957 τοίνυν,
1267 904 1384 962 έφη,
1413 910 1488 948 καὶ
1516 901 1686 961 Ευηνος
1715 907 1792 947 καὶ

159 982 161 984 ’
212 979 327 1030 πᾶς,
371 974 482 1036 ὅτῳ
501 972 630 1030 ἀξίως
668 971 827 1020 τούτου
866 977 947 1021 τοῦ
984 971 1242 1035 πράγματος
1279 976 1506 1032 μέτεστιν.
1553 970 1605 1020 οὗ
1634 975 1803 1031 μέντοι,

211 1044 258 1102 γ’,
274 1048 401 1096 ἴσως·
425 1044 630 1103 βιάσεται
660 1043 821 1090 αὑτόν·
863 1043 915 1090 οὗ
947 1042 1028 1104 γάρ
1061 1059 1177 1104 φασι
1209 1041 1398 1101 θεμιτὸν
1418 1046 1557 1090 εἶναι.
1587 1069 1659 1077 —
1702 1044 1791 1087 His

210 1115 380 1160 duobus
410 1116 606 1160 Platonis
629 1115 752 1170 locis,
774 1122 1011 1175 antequam
1027 1115 1143 1175 ‘quid
1167 1130 1223 1160 ex
1250 1114 1620 1175 iiscolligendum
1640 1112 1789 1158 uidea-

210 1194 311 1239 tur,
347 1201 643 1244 exponamus,
680 1186 838 1229 tertius
861 1200 916 1229 ex
945 1186 1155 1235 Phaedro
1187 1184 1267 1244 (p.
1304 1190 1420 1247 261.
1455 1184 1535 1244 Α.)
1560 1198 1791 1243 aggeren-

209 1254 292 1299 dus
316 1262 398 1309 est,
432 1256 595 1315 quippe
619 1258 682 1300 ex
700 1270 788 1314 quo
811 1255 1061 1300 accuratius
1083 1254 1215 1301 etiam
1243 1255 1388 1300 Eueni
1411 1261 1552 1299 artem
1574 1253 1789 1313 poeticam

208 1340 542 1386 cognoscamus.
618 1326 794 1384 Nempe
835 1325 893 1369 ibi
935 1324 1045 1370 haec
1085 1320 1334 1385 (Socratis)
1378 1326 1512 1369 uerba
1554 1324 1789 1383 leguntur3

216 1395 273 1439 Τί
285 1392 399 1454 μῆν;
421 1400 496 1440 καὶ
515 1393 692 1460 ἔλεγχόν
709 1411 757 1451 γε
770 1399 844 1440 καὶ
861 1395 1145 1452 ἐπεξέλεγχον
1168 1393 1225 1460 ὥς
1246 1398 1459 1454 ποιητέον
1479 1395 1531 1440 ἐν
1551 1397 1790 1454 κατηγορίᾳ
1861 1424 1863 1427 -

210 1481 261 1509 τε
282 1470 357 1509 καὶ
379 1462 619 1524 ἀπολογίᾳ.
661 1465 752 1510 Τὸν
774 1466 823 1510 δὲ
845 1464 1082 1511 κάλλιστον
1114 1464 1333 1527 Πάριον
1366 1462 1586 1524 Εὔηνον
1621 1465 1682 1515 εἰς
1713 1467 1789 1521 μέ-

212 1547 301 1581 σον,
318 1531 395 1580 οὔκ
418 1532 598 1594 ἄγομεν,
623 1534 670 1586 ὃς
686 1533 968 1594 ὗποδήλωσίν
989 1553 1039 1582 τε
1055 1540 1230 1597 πρῶτος
1245 1531 1345 1595 εὗρε
1367 1540 1442 1580 καὶ
1459 1538 1792 1595 παρεπαίνουςς

211 1604 258 1649 οἱ
287 1603 331 1648 6³
364 1603 503 1649 αὐτὸν
532 1610 606 1649 καὶ
640 1603 937 1666 παραψόγους
968 1610 1112 1664 φασὶν
1147 1607 1200 1651 ἐν
1230 1609 1375 1665 μέτρῳ
1406 1606 1549 1661 λέγειν
1557 1637 1575 1657 ,
1625 1602 1792 1663 μνήμης

208 1672 361 1735 χάριν·
398 1673 540 1734 σοφὸς
562 1674 644 1735 γὰρ
669 1672 794 1736 ἆνῆρ.
866 1675 992 1726 Quae
1017 1677 1178 1732 uerba,
1213 1683 1264 1721 ut
1288 1674 1444 1720 melius
1467 1674 1791 1734 intelligantur,

210 1744 296 1789 non
323 1745 478 1789 inutile
502 1746 590 1790 erit
613 1737 835 1799 attulisse,
870 1760 984 1805 quae
1003 1746 1069 1790 L.
1092 1745 1360 1806 Spengelius
1393 1744 1603 1805 (Artium
1639 1745 1792 1804 script.

210 1831 253 1875 p.
281 1812 397 1875 92.)
433 1815 489 1860 de
514 1815 598 1860 hoc
622 1815 717 1860 loco
740 1816 936 1875 scripsit:
989 1817 1169 1871 „Astius
1193 1817 1301 1861 haec
1324 1817 1470 1861 omnia
1506 1816 1577 1860 uel
1600 1815 1791 1860 absurda

209 1901 304 1929 esse
323 1886 400 1930 ‘uel
427 1885 594 1929 nullum
620 1901 794 1931 sensum
820 1886 981 1943 habere
1003 1895 1168 1932 censet.
1238 1886 1327 1931 Sed
1358 1886 1636 1946 eloquentiae
1660 1900 1790 1945 prae-

208 1963 336 2014 cepta
361 1956 406 2000 in
431 1971 585 2000 uersus
610 1956 787 2000 redacta
800 1956 848 2015 *)·
869 1972 956 2001 non
981 1958 1125 2017 magis
1147 1957 1252 2001 mihi
1274 1954 1483 2001 uidentur
1503 1956 1631 2010 mira,
1655 1971 1788 2015 quam

211 2033 395 2071 naturae
418 2034 496 2071 aut
519 2026 630 2071 coeli
656 2026 778 2086 leges
803 2026 937 2086 longo
962 2028 1221 2087 explanatae
1252 2027 1474 2083 carmine,
1508 2026 1660 2072 metris
1696 2041 1788 2072 me-

208 2104 378 2141 trorum
405 2096 566 2141 docere
590 2096 834 2141 doctrinam
862 2097 960 2151 uel,
997 2105 1047 2142 ut
1070 2097 1201 2141 etiam
1224 2112 1340 2142 nunc
1364 2099 1441 2152 fit,
1475 2097 1790 2157 grammatices

203 2167 389 2227 regulas
411 2164 654 2228 eorumque
676 2168 960 2227 exceptiones
982 2167 1249 2213 hexametris
1275 2163 1653 2228 comprehendere
1677 2167 1789 2211 tiro-

208 2252 312 2292 num
338 2237 382 2281 in
410 2253 561 2300 usum,
597 2245 669 2281 ut:
702 2238 898 2292 Mascula
921 2244 1023 2281 sunt
1045 2245 1132 2282 etc.
1168 2263 1237 2272 —
1280 2239 1414 2283 'Pales
1438 2254 1509 2283 res
1532 2252 1675 2296 quum.
1694 2252 1788 2280 ma—

207 2321 341 2368 gnam
367 2307 596 2374 requirant
619 2306 895 2368 diligentiam
927 2307 1153 2370 multaque
1184 2309 1369 2355 obrutae
1401 2309 1488 2354 sint
1512 2307 1790 2362 difficultate,

323 2470 516 2510 Socratem
542 2472 732 2526 (sequente
762 2470 862 2522 die),
891 2487 1013 2530 neque
1039 2487 1129 2512 uero
1158 2471 1398 2520 morientem3
1430 2469 1533 2510 hunc
1553 2484 1639 2509 sane
1666 2469 1789 2510 ironia

321 2541 405 2567 ιιοιι
417 2529 583 2582 amplius
602 2543 759 2569 usurum
781 2543 853 2569 esse
872 2531 1036 2571 credam.
1077 2531 1242 2577 Ironiam
1264 2537 1388 2568 autem
1408 2527 1502 2567 huic
1520 2529 1608 2568 loco
1623 2528 1789 2578 subesse,

321 2600 366 2625 ex
392 2587 478 2626 loco
506 2585 667 2627 Phaedri
695 2588 807 2628 etiam
834 2588 1054 2643 intelligitur
1080 2596 1211 2642 utpote
1237 2586 1442 2626 luculenter
1462 2586 1643 2637 docente,
1672 2587 1786 2642 quale

320 2644 419 2683 illud
437 2645 559 2697 poesit
578 2659 691 2699 genus
711 2645 847 2693 fuerit,
875 2647 985 2699 quod
1004 2649 1172 2687 Socrates
1191 2646 1320 2684 Eueno
1339 2643 1489 2684 tribuit.

247 2712 301 2762 **)
320 2714 479 2784 Longip
500 2722 569 2754 art.
597 2729 638 2768 p.
662 2720 758 2757 718.
787 2714 920 2769 (uulgo
940 2713 1112 2773 Apsines)
1138 2716 1340 2764 τοιγαροῦν
1359 2715 1424 2753 καὶ
1442 2713 1489 2753 τὰ
1511 2715 1628 2765 μέτρα
1649 2717 1792 2766 μιῖὶλλονΙ

286 2757 552 2823 μεμνήματοι
577 2776 650 2812 τῶν
676 2772 771 2813 ἄνευ
797 2773 938 2824 μέτρου
964 2773 1248 2823 πεποιημένων,
1291 2771 1347 2813 οτι
1373 2775 1439 2814 δεῖ
1462 2772 1504 2814 τὸ
1534 2778 1603 2814 τοῦ
1632 2774 1788 2823 ῥυθμοῦ

322 2832 418 2871 κατὰ
437 2846 478 2871 το
497 2833 566 2879 τῆς
585 2832 763 2880 εὐταξίας
780 2831 965 2889 ἀνάλογον
984 2831 1288 2882 μνημονεύοντες
1307 2833 1371 2872 καὶ
1389 2833 1435 2873 τὰ
1456 2833 1544 2873 καθ’
1565 2833 1700 2905 gutuera
1714 2836 1790 2871 τῶν

276 2887 501 2938 ῥηματων
526 2889 777 2942 άνιχνεῦομεν
805 2892 901 2933 κατὰ
927 2890 1048 2937 πόδας
1074 2895 1276 2946 ζητοῦντες
1301 2891 1343 2934 τὸ
1372 2897 1504 2935 λεῖπον
1530 2893 1571 2940 ἐξ
1589 2886 1642 2930 ὧν
1660 2906 1788 2942 προει-

323 2946 509 2999 λήφαμεν.
