1943 3223
947 158 991 205 4

131 365 134 369 ,
178 325 343 384 logiam
368 322 739 382 circumspiciens·
788 321 934 366 Docet
957 322 1074 366 enim
1102 320 1318 366 Arcadius
1342 322 1386 381 *)
1427 322 1632 377 „nomina
1660 321 1760 380 plu-

179 396 293 439 rium
327 393 596 453 syllabarum
621 390 807 451 gentilia
842 392 1102 450 exceptis
1135 391 1465 450 compositis
1499 393 1677 451 ἰοηνος
1716 400 1763 436 et

177 482 281 515 υνος
297 464 543 508 desinentia
563 460 777 515 ὀξυτόνως
794 477 889 505 esse
907 463 1205 520 pronuntiata,
1231 458 1613 520 ιιοΙιιῑἎβυόηνός,
1642 462 1761 505 Θυα-

176 531 389 593 τειρηνός,
425 531 694 592 Βοτρυηνός,
735 529 999 590 Ταγγρηνός,
1033 530 1245 584 Βιθυνός,
1283 531 1625 591 Μαριανόυνός,
1662 533 1764 584 alia,

177 605 455 664 eandemque
476 603 677 663 regulam
700 609 898 646 secutum
921 617 1016 645 esse
1036 602 1296 647 uocabulum
1319 600 1573 661 Σειληνός.“
1612 602 1763 651 Quare

179 692 316 735 quum
344 677 385 719 in
414 673 685 733 paucissimis
710 671 1017 717 tantummodo
1049 672 1171 716 libris
1204 674 1343 731 iisque
1373 674 1593 718 inferioris
1616 672 1764 729 digni—
1787 709 1790 712 .

180 746 283 789 tatis
307 746 616 803 (scriptorum,
640 758 752 801 quos
769 757 902 802 supra
926 741 1186 803 citauimus)
1201 739 1368 800 Εὔηνός
1392 743 1587 803 legatur,
1611 750 1764 786 contra

179 815 381 874 plerique
405 821 450 857 et
476 813 681 867 meliores
706 812 806 856 libri
840 827 924 855 non
952 812 1095 856 minus
1127 828 1258 871 quam
1286 821 1462 857 ueteres
1485 812 1766 871 grammatici

184 882 347 942 Εὔηνος
373 883 651 942 pronuntiari
676 882 880 936 iubeant,
916 897 1002 925 non
1028 881 1200 938 dubito,
1235 884 1340 942 quin
1366 879 1768 942 προπαροξυτόνως

179 956 262 999 hoc
291 970 456 998 nomen
492 952 772 998 scribendum
807 952 878 996 sit.
902 952 964 1011 **)
1034 952 1176 996 Aliter
1210 954 1252 997 in
1288 955 1434 998 Eueni
1461 954 1635 997 nomine
1659 952 1767 996 scri-

180 1024 324 1068 bendo
370 1024 514 1068 uariat
546 1021 840 1080 Anthologiae
878 1021 1020 1065 codex
1065 1021 1296 1067 Palatinus
1341 1021 1462 1084 (IX.
1499 1028 1614 1073 602.
1651 1027 1767 1067 717.

182 1096 267 1139 XI.
298 1093 413 1153 49.)
451 1101 518 1137 ter
543 1093 730 1154 formam
755 1088 918 1136 Εὗῖνου
944 1089 1058 1151 (sic)
1081 1092 1320 1148 exhibens,
1354 1109 1469 1152 quae
1493 1092 1769 1152 deprauatio,

179 1181 269 1224 quo
315 1163 445 1218 modo
482 1163 678 1222 potuerit
714 1162 858 1215 nasci,
902 1162 1121 1207 neminem
1159 1162 1280 1207 latet.
1356 1162 1620 1221 Saepissime
1651 1162 1767 1206 enim

182 1236 332 1279 literas
372 1236 417 1277 H
454 1241 500 1277 et
536 1233 560 1276 I
596 1234 713 1276 inter
755 1248 801 1276 se
841 1237 1136 1278 commutatas
1176 1249 1270 1277 esse
1315 1242 1497 1293 propter
1538 1232 1767 1292 aequalem

183 1306 414 1364 utriusque
450 1304 603 1348 literae
628 1302 1034 1362 pronuntiationem
1051 1335 1063 1358 ‚
1100 1303 1330 1362 permultis
1354 1303 1568 1362 exemplis
1593 1303 1768 1362 probari

183 1382 351 1434 potest:
388 1374 466 1418 sed
490 1373 601 1417 illud
629 1388 791 1425 unum,
825 1372 985 1426 credo,
1020 1374 1219 1418 attulisse
1243 1374 1462 1427 sufficiet,
1495 1373 1615 1432 quod
1644 1374 1767 1417 Φιλί-

181 1462 259 1495 τας
295 1443 380 1503 (ut
403 1443 596 1488 Baebius
630 1442 674 1487 d.
701 1442 867 1487 Philet.
900 1442 983 1486 loc.
1019 1444 1098 1487 uit.
1130 1451 1177 1487 et
1208 1444 1359 1502 script.
1394 1460 1436 1502 p.
1465 1445 1509 1488 4.
1544 1442 1771 1503 ostendit)

181 1523 236 1559 et
262 1516 307 1558 in
340 1514 440 1558 cod.
465 1507 625 1557 Venet.
649 1513 865 1557 Athenaei
894 1511 979 1572 ***)
1025 1514 1209 1564 Φιλιτᾶς
1241 1529 1328 1573 pro.
1362 1514 1554 1572 Φιλητᾶς
1587 1513 1770 1572 legitur.

183 1586 279 1630 Alia
315 1583 507 1642 denique
542 1583 682 1627 forma
717 1583 892 1642 prodita
925 1590 991 1626 est
1030 1600 1055 1626 a
1089 1587 1147 1628 G.
1181 1584 1390 1642 Syncello
1432 1583 1568 1642 (Eoi.
1601 1584 1769 1628 chron.

184 1673 224 1715 p.
255 1657 371 1701 254.
398 1655 454 1698 C.
478 1652 549 1697 ed.
576 1653 796 1698 Niebuhr.
833 1669 875 1711 p.
898 1652 1064 1713 484.)‚
1104 1654 1174 1698 ubi
1200 1670 1255 1698 ex
1280 1654 1482 1699 codicum
1507 1655 1772 1698 auctoritate

184 1728 291 1770 haec
316 1726 552 1782 leguntur:
590 1721 806 1781 „1365vass
829 1724 1019 1778 ἐλεγείας
1042 1724 1223 1782 ποιητὴς
1246 1725 1521 1783 ἐγνωρίζετο.
1558 1721 1769 1780 Ἐμπεδο-

183 1797 282 1854 κλῆς
305 1799 379 1838 καὶ
404 1793 684 1853 Παρμενίδης
706 1793 1038 1853 ἐγνωρίζοντο.“
1100 1794 1374 1839 Niebuhrius
1399 1801 1564 1848 autem,
1589 1794 1770 1838 Eusebii

184 1867 352 1911 Chron.
377 1865 417 1907 I.
455 1880 498 1922 p.
528 1865 609 1910 54.
645 1870 847 1918 secutus,
882 1860 1066 1920 Εὐήνιος
1091 1864 1274 1907 sormam
1303 1866 1345 1908 in
1370 1861 1537 1922 Εὔηνος
1568 1865 1771 1909 mutauit.

191 1938 329 1980 Recte
342 1935 460 1994 ****)‚
486 1950 587 1978 nam
612 1941 768 1993 aperte
792 1933 1027 1993 Syncellus
1053 1934 1292 1979 Eusebium
1312 1935 1560 1994 exscripsit,
1586 1934 1630 1979 id
1651 1934 1771 1995 quod

185 2006 289 2050 inde
314 2004 416 2049 satis
441 2005 732 2063 intelligitur,
769 2003 906 2063 quod,
947 2020 1058 2062 quae
1083 2005 1200 2063 apud
1226 2005 1772 2064 Eusebiumolympiadis

187 2075 368 2121 LXXX
397 2089 511 2117 anno
545 2075 610 2118 ΙΙ.
643 2074 864 2133 adscripta
889 2082 991 2118 sunt
1018 2076 1170 2128 uerba,
1204 2075 1358 2120 eadem
1385 2075 1527 2121 eidem
1554 2091 1669 2119 anno
1694 2074 1772 2120 ad-

187 2146 380 2205 scripsit,
416 2144 566 2202 itaque
589 2160 690 2189 cum
715 2145 926 2200 Eusebio,
965 2152 1011 2189 ut
1036 2153 1187 2204 postea
1213 2146 1475 2200 uidebimus,
1510 2147 1554 2190 in
1583 2145 1772 2190 eundem

244 2309 279 2354 *)
300 2305 441 2345 Arcad.
464 2319 504 2356 p.
528 2309 596 2346 65.
619 2304 677 2343 ed.
700 2306 808 2344 Bark.
841 2306 897 2344 Τὰ
921 2310 973 2348 εἰς
993 2321 1084 2354 ηνος
1104 2306 1404 2355 ὑπερδισύλλαβα
1428 2306 1553 2344 ἁπλᾶ
1574 2304 1599 2354 ἢ
1627 2320 1775 2353 παρα·
1824 2302 1826 2305 ’

303 2362 523 2401 σύνθετα
554 2361 732 2409 ὀξύνεται
740 2392 751 2410 ,
790 2366 826 2401 εἰ
846 2364 897 2411 μὴ
918 2365 1130 2413 παρώνυμα
1152 2366 1212 2412 εἴη
1233 2363 1327 2402 κατὰ
1347 2364 1492 2414 τρόπην
1511 2365 1642 2413 γένους
1660 2368 1776 2404 &utv-

302 2425 373 2461 κοῦ
396 2422 450 2463 εἰς
469 2420 540 2469 τὴν
562 2423 616 2463 εἰς
636 2434 678 2463 ος
698 2420 898 2469 κατάληξιν
917 2421 1116 2471 γενόμενα,
1136 2420 1160 2469 ἢ
1178 2424 1283 2471 παρὰ
1298 2426 1448 2472 γενικῆς
1462 2423 1773 2472 ἀναπεμφθέντα.

304 2496 336 2517 κ.
358 2494 388 2517 τ.
412 2483 442 2516 λ.
471 2479 512 2516 τὸ
534 2479 573 2516 δὲ
594 2480 828 2525 πανσέληνος
858 2479 1121 2526 σύνθετον,
1152 2479 1272 2528 ὥςπερ
1293 2482 1356 2518 καὶ
1377 2481 1578 2528 δύστηνος,
1606 2483 1776 2529 δίμηνος,

305 2540 495 2584 τρίμηνος.
536 2536 599 2575 Cf.
620 2534 756 2589 Steph.
781 2536 873 2588 BJz.
895 2552 924 2575 s.
947 2535 1175 2587 ωἌγκυρα,
1200 2539 1411 2597 Ἅβασηνοί,
1440 2542 1619 2578 Βιθυνία.

230 2608 287 2653 **)
307 2605 479 2644 Ceterum
501 2606 679 2662 pleraque
700 2606 856 2646 nomina
877 2606 925 2646 ab
954 2603 998 2646 εὖ
1021 2608 1237 2661 incipientia
1257 2616 1452 2648 accentum
1473 2608 1511 2648 in
1533 2610 1639 2650 tertia
1659 2623 1681 2648 a
1700 2611 1776 2648 fine

306 2661 451 2714 syllaba
481 2663 621 2703 habent
631 2694 644 2713 ,
681 2666 786 2704 uelut
812 2664 1037 2715 Εὐήμερος,
1082 2664 1300 2717 Εὔανδρος,
1345 2664 1538 2718 Εὔαγρος,
1583 2665 1776 2716 Εὔδωρος,

305 2717 497 2769 Εὔρυτος,
527 2721 696 2771 Εὔνηος,
727 2721 932 2778 Εῧσωρος,
957 2722 1165 2775 Εὔφημος,
1195 2734 1265 2766 etc.

211 2794 285 2836 ***)
307 2788 621 2841 Schweighaeus.
643 2792 693 2829 ad
712 2791 853 2832 Athen.
875 2794 951 2832 lx.
981 2808 1022 2846 p.
1045 2796 1143 2835 401.
1165 2795 1211 2834 E.

190 2861 282 2906 ****)
300 2857 462 2956 'Slaelpius
490 2858 540 2897 G.
571 2860 764 2957 Sygnzellus
792 2862 830 2901 in
852 2861 1070 2903 nominibus
1090 2862 1286 2906 afferendis
1306 2865 1454 2905 enauit.
1496 2862 1557 2904 Cf.
1580 2861 1773 2903 Tzschirn.

307 2931 345 2954 c.
398 2930 514 2969 anJas
542 2931 583 2970 p.
637 2946 646 2955 .
