1943 3223
148 332 287 370 artem
302 321 544 380 poeticam.
590 320 735 369 :Quae
759 315 1108 370 narratiuncula,
1142 315 1237 360 siue
1260 327 1368 360 uera
1390 317 1485 362 siue
1509 316 1618 361 falsa
1641 324 1726 373 est,

148 394 382 444 confirmat
406 397 553 435 tamen
574 388 868 440 sententiam,
905 385 1111 430 Euenum
1142 384 1373 445 aequalem
1398 385 1532 432 fuisse
1550 387 1729 433 Socrati

148 462 390 523 paullulum
417 462 643 505 maiorem.
699 459 855 508 Quare
880 454 1126 500 Passowius
1149 456 1336 511 errauit,
1370 457 1447 515 qui
1468 457 1600 515 (luit.
1627 458 1729 502 hist.

148 534 314 578 literar.
337 547 488 591 graec.
511 537 559 574 et
583 544 693 573 rom.
729 542 773 586 p.
804 531 878 573 1..7
884 525 907 585 )
941 524 1013 571 ad
1020 525 1094 571 Ol.
1120 526 1245 571 XCI.
1278 530 1327 572 3
1357 526 1564 586 Euenum
1587 543 1728 588 queu-

149 603 250 648 dam
285 600 469 646 Parium
504 597 761 643 inclaruisse
796 595 995 655 scripsit,
1027 597 1249 656 quoniam
1284 597 1504 642 iuniorem
1537 599 1729 656 potuisse

149 674 230 718 hoc
252 677 490 730 tempore,
535 669 571 713 si
603 666 781 739 quidem
812 673 942 711 natus
964 666 1069 722 fuit,
1101 667 1299 714 nondum
1322 683 1380 714 ex
1405 667 1556 738 pueris
1579 682 1729 713 exces-

150 743 255 786 sisse
280 755 381 784 mox
412 738 680 785 docebimus.

212 811 342 861 Quo
377 817 576 867 tempore
609 814 740 854 natus
771 807 852 860 sit,
889 821 976 866 quo
999 806 1192 851 Athenas
1222 783 1397 853 uenerit
1428 808 1617 853 Euenus
1640 807 1730 852 Pa-

154 882 271 934 rius,
307 887 429 924 tanta
465 878 754 936 uestigiorum
788 877 935 936 inopia
966 885 1171 921 accurate
1203 893 1288 921 non
1314 885 1457 936 potest
1477 879 1729 937 explorari;

151 958 298 996 tamen
332 965 411 994 nos
443 948 559 992 circa
592 945 982 1006 quadragesimum
1016 947 1195 992 demum
1227 962 1393 992 annum
1412 948 1601 993 Athenis
1624 963 1727 993 eum

151 1014 291 1065 famae
323 1020 625 1064 celebritatem
657 1023 942 1062 consecutum
975 1034 1067 1062 esse
1099 1017 1214 1062 haud
1248 1018 1436 1062 multum
1467 1034 1493 1063 a
1518 1034 1627 1063 uero
1651 1020 1729 1063 ab·

150 1090 580 1149 errare-opinamur.
647 1088 798 1138 Quare
827 1088 864 1132 si
897 1087 999 1132 inde
1031 1088 1086 1132 ab
1118 1088 1191 1133 01.
1217 1088 1466 1133 LXXXII.
1492 1095 1538 1135 2.
1572 1088 1728 1133 decem

151 1160 487 1219 Olympiadibus
520 1166 642 1202 retro
677 1160 917 1203 numeratis
957 1166 1106 1202 natum
1148 1159 1288 1217 ipsum
1334 1160 1408 1203 01.
1443 1159 1647 1203 LXXII.
1683 1166 1728 1205 2.

152 1229 354 1282 dicimus,
390 1228 675 1287 probabiliter
708 1229 951 1287 disputasse
973 1224 1147 1272 'remur-

243 1299 407 1342 Iisdem
443 1299 536 1342 sere
568 1299 788 1351 tenebris,
823 1299 981 1357 quibus
1004 1298 1190 1356 originis
1216 1306 1390 1356 tempus
1423 1298 1617 1343 uelatum
1644 1307 1729 1352 est,

153 1361 307 1414 Eueni'
335 1369 425 1412 uita
460 1383 635 1427 quoque
675 1375 742 1411 est
775 1369 974 1421 obtecta,
1021 1383 1153 1427 quum
1189 1375 1367 1426 praeter
1404 1374 1495 1412 tres
1530 1368 1731 1413 Platonis

152 1438 296 1490 locos,
340 1454 450 1496 quos
483 1454 599 1483 nunc
632 1437 836 1496 deinceps
868 1439 1130 1490 afferemus,
1184 1439 1301 1482 omni
1334 1438 1500 1482 auxilio
1527 1438 1732 1483 <lenitati

151 1507 300 1552 simus.
371 1507 507 1552 Lucis
540 1514 685 1552 tamen
719 1507 886 1567 aliquid
929 1507 1012 1552 loci
1045 1507 1267 1552 Platonici
1301 1508 1522 1563 afferunt,
1566 1509 1732 1567 quippe

152 1578 311 1635 quibus
325 1576 588 1630 doceamur,
624 1577 764 1637 qualis
789 1577 1068 1636 philosophus
1082 1577 1291 1636 idemque
1308 1585 1437 1636 poeta
1456 1578 1593 1622 fuerit
1609 1578 1732 1622 Eue-

157 1662 250 1691 nus.
310 1646 467 1689 Primo
493 1647 627 1690 uerba
652 1647 709 1690 de
729 1662 786 1690 eo
811 1646 915 1690 lacit
940 1646 1073 1689 Plato
1107 1647 1149 1689 in
1175 1646 1305 1705 Apol.
1339 1647 1463 1691 Socr⁴
1499 1663 1543 1706 p.
1569 1654 1651 1694 20.
1674 1649 1732 1692 B.

153 1717 359 1761 Socrates
383 1717 441 1760 ibi
466 1716 815 1760 criminationem
832 1748 843 1766 ,
879 1731 926 1759 se
959 1732 1054 1760 esse
1084 1717 1347 1775 sophistam,
1380 1732 1434 1761 eo
1457 1717 1607 1762 studet
1631 1733 1732 1776 pro-

154 1786 356 1845 pulsare,
390 1786 508 1843 quod
533 1801 656 1829 suam
681 1801 781 1830 cum
804 1786 1028 1843 Gorgiae,
1066 1786 1271 1840 Prodici,
1306 1785 1502 1845 Hippiae
1521 1788 1731 1831 aliorum-

152 1871 240 1913 que
271 1855 564 1913 sophistarum
607 1856 698 1899 uita
740 1855 1015 1913 docendique
1054 1856 1223 1899 ratione
1264 1862 1505 1913 comparat.
1576 1857 1729 1910 „Nam

152 1924 309 1969 horum
343 1925 554 1984 quisque,
589 1926 672 1977 ait,
708 1932 852 1983 pot-est
886 1925 928 1968 in
961 1925 1161 1985 quamuis
1194 1925 1345 1968 urbem
1375 1924 1599 1984 profectus
1622 1925 1731 1971 ado-

154 1995 392 2047 lescentes,
435 2010 545 2053 quos
578 1994 682 2037 nihil
717 1994 919 2052 probibet
950 2010 1048 2038 cum
1080 2009 1347 2052 quocunque
1380 1994 1519 2038 uelint
1548 2010 1730 2040 suorum

155 2064 327 2110 ciuium*
351 2064 490 2124 gratis
523 2064 716 2117 uersari,
752 2063 1042 2123 persuadere,
1091 2071 1138 2107 ut
1167 2064 1320 2109 relicta
1345 2064 1521 2109 illorum
1545 2080 1731 2111 consue—

156 2135 309 2179 tudine
333 2151 432 2179 cum
458 2135 562 2194 ipsis
585 2127 836 2189 uersentur,
866 2135 1009 2192 pretio
1029 2134 1172 2178 soluto
1193 2142 1328 2194 atque
1348 2135 1527 2194 insuper
1538 2136 1730 2195 gratiam

134 2206 400 2252 ⁴habeant„“
476 2205 592 2252 Dein
617 2205 787 2264 pergit.-
822 2204 920 2249 ἐπεὶ
942 2209 1016 2252 καὶ
1041 2201 1170 2255 ἄλλος
1195 2202 1302 2265 ἆνῆρ
1325 2206 1424 2251 ἐστι
1455 2204 1665 2265 Πάριος
1688 2208 1732 2266 *)

154 2275 320 2321 ἐνθάδε
343 2275 510 2334 σοφὸς,
545 2274 600 2320 ὃν
622 2275 705 2331 ἐγώ
727 2272 1279 2339 ᾗσθόμηνέἐπιδημοῦπα·
1317 2276 1472 2331 ἔτυχον
1495 2276 1576 2339 γὰρ
1600 2294 1730 2337 προς-

267 2459 396 2499 liceto.
424 2459 593 2499 tribus
611 2460 768 2513 optimis
786 2460 908 2500 codd.
923 2460 1115 2500 omissam.
1156 2461 1258 2499 Patet
1278 2460 1448 2511 insuper,
1479 2457 1579 2498 hanc
1598 2475 1734 2501 uocem

271 2518 415 2557 illatam
437 2532 510 2557 esse
530 2532 552 2557 a
566 2518 726 2570 librario
744 2519 922 2583 quodam
933 2532 980 2558 ex
1001 2517 1210 2558 Phaedonis
1233 2518 1344 2564 loco,
1372 2516 1439 2555 ubi
1460 2518 1596 2569 ‘pariter
1617 2528 1732 2574 atque

273 2576 378 2627 apud
404 2576 564 2616 Suidam
591 2573 708 2616 Eueni
737 2580 873 2617 nor'nen
893 2586 983 2617 oum
1005 2577 1185 2616 Simmiae
1205 2573 1378 2614 Thebani
1399 2576 1550 2615 nomine
1570 2578 1735 2617 coniuu..

274 2639 378 2670 etum
400 2633 604 2675 inuenitur.
690 2641 692 2646 '

214 2694 250 2741 *)
270 2690 418 2729 Euenus
445 2689 546 2744 tangi
576 2693 687 2731 etiam
714 2691 863 2731 uidetur
890 2693 976 2745 loeo
1006 2689 1271 2742 Xenophontis
1301 2690 1492 2737 (Conuiu.
1523 2706 1558 2731 c.
1586 2693 1613 2731 l.
1645 2695 1664 2743 §
1687 2698 1735 2741 5)

274 2748 340 2787 καὶ
364 2747 384 2786 ὃ
405 2749 611 2797 Σωκράτης
637 2748 768 2789 εἶπεν·
797 2749 860 2788 ἀεὶ
887 2749 936 2790 σὺ
965 2745 1016 2797 (ὦ
1034 2752 1218 2796 Καλλία),
1249 2748 1490 2792 ἐπισκώπτεις
1506 2749 1607 2799 ἡμᾶς
1625 2764 1736 2790 κατα-

272 2807 446 2856 φρονῶν,
473 2805 531 2846 ὅτι
557 2807 606 2846 σὺ
626 2807 697 2858 μὲν
723 2808 956 2861 Πρωταγόρᾳ
973 2823 1013 2847 τε
1032 2806 1131 2847 πολὺ
1151 2807 1335 2857 ἀργύριον
1354 2808 1515 2850 δέδωκας
1535 2808 1598 2846 ἐπὶ
1615 2813 1735 2861 σοφίᾳ

273 2868 500 2967 ἷὲτὶὼῑζοογίέ
517 2867 774 2966 ἷαὶΙΠροδίκφ
792 2870 857 2909 καὶ
885 2866 1045 2911 ἄλλοις
1070 2870 1287 2918 πολλοῖς,
1315 2866 1417 2918 ἡμᾶς
1443 2865 1484 2906 δὲ
1502 2880 1535 2904 κ.
1554 2879 1586 2904 τ
1615 2870 1645 2906 λ.
1685 2868 1736 2907 cf.

311 2940 330 2965 e
395 2934 408 2966 t
450 2941 471 2967 a
