1943 3223
165 376 412 434 telligitur,
447 388 550 419 eum
583 380 661 418 aut
691 372 909 426 nescisse,
944 373 1055 417 duos
1089 372 1223 419 fuisse
1250 374 1432 420 Euenos
1457 362 1637 427 Parios,
1672 382 1750 419 aut

165 446 222 491 de
247 444 464 490 industria
497 444 641 489 omnia
676 443 750 488 illa
776 443 973 488 carmina
1007 443 1083 488 uni
1103 443 1245 488 -Pario
1271 443 1530 492 uindicasse.
1600 443 1753 500 Quod,

167 524 267 560 utut
297 525 390 571 est,
426 515 483 560 ad
514 514 815 574 quaestionem
848 521 1043 558 nostram
1078 514 1240 557 nullius
1274 521 1340 558 est
1373 516 1610 570 momenti,
1647 530 1747 559 nam

165 586 279 630 infra
312 584 735 640 demonstrabimus,
772 599 858 628 non
893 599 1020 643 posse
1052 584 1198 629 omnia
1228 585 1283 628 ab
1319 600 1406 628 uno
1438 591 1621 629 auctore
1654 601 1749 630 esse

164 657 379 715 profecta.

932 723 984 768 4.

259 798 385 847 Quae
409 811 545 855 quum
570 795 809 855 praemissa
833 795 936 849 sint,
960 809 1050 853 quo
1074 795 1218 841 minus
1242 795 1378 854 ipsam
1399 794 1456 839 de
1476 795 1568 840 uita
1588 795 1749 841 utrius·

165 883 252 927 que
284 867 401 911 Parii
426 866 728 926 quaestionem
753 864 1034 910 instituamus
1070 872 1362 924 ueterumque
1396 865 1452 910 de
1479 866 1529 910 iis
1553 867 1749 911 testimo-

167 939 238 981 nia
262 940 341 981 sub
366 952 554 982 examen
582 951 814 988 nocemus,
850 950 936 982 non
964 941 1055 988 est,
1092 936 1211 994 quod
1237 937 1394 980 obstet.
1454 927 1754 980 Consentiunt*

168 1023 301 1062 uero,
354 1014 404 1051 ut
437 1006 570 1066 sup'ra
604 1007 690 1050 iam
725 1004 999 1060 monuimus,
1053 1005 1475 1065 Eratosthenes-ap.
1508 1006 1751 1066 Harpocr.‚

164 1078 355 1122 Photius
379 1085 424 1121 et
440 1077 606 1121 Suidas
629 1077 673 1120 in
700 1092 777 1130 eo,
815 1076 933 1135 quod
960 1075 1095 1119 duos
1130 1076 1314 1121 Euenos
1342 1076 1501 1120 Parios
1536 1078 1749 1120 ambos-

164 1164 269 1207 que
313 1148 602 1206 elegiacos
646 1152 842 1206 poetas
895 1145 1028 1191 fuisse
1071 1155 1268 1191 narrant.
1353 1146 1532 1191 Adiiciit
1567 1147 1751 1207 insuper

163 1219 508 1271 Eratosthenes,
552 1217 609 1261 ad
651 1218 809 1261 famam
845 1217 1100 1274 peruenisse
1141 1223 1311 1261 tantum
1358 1217 1589 1260 minorem.
1658 1218 1748 1262 Sed

164 1289 421 1347 quaeritur,
459 1302 546 1346 quo
580 1293 782 1345 tempore
818 1293 1006 1345 uterque
1040 1286 1217 1331 uixerit.
1291 1285 1424 1330 Plato
1465 1288 1604 1331 tribus
1645 1287 1750 1333 locis

164 1357 320 1416 (Apol.
346 1359 472 1401 Socr.
499 1374 540 1416 p.
565 1363 645 1401 20:
670 1357 724 1400 Β.
765 1356 994 1399 Phaedon.
1021 1372 1064 1414 p.
1088 1362 1167 1401 60.
1194 1357 1253 1401 D.
1291 1373 1333 1414 p.
1359 1363 1436 1402 61.
1464 1358 1517 1400 C.
1554 1357 1749 1402 Phaedr.

163 1433 345 1485 p.267.
371 1425 453 1486 A.)
526 1426 777 1470 Euenum
815 1425 1036 1483 quendam
1075 1426 1299 1470 Parium
1323 1437 1669 1487 commemorat,
1705 1435 1751 1472 et

162 1498 392 1542 Socratem
426 1497 487 1541 ita
521 1494 577 1540 de
611 1512 665 1540 eo
697 1495 802 1541 facit
834 1495 1114 1554 loquentem,
1152 1502 1200 1540 ut
1223 1496 1420 1554 aequalis
1442 1497 1613 1541 Socrati
1643 1506 1750 1543 natu

162 1568 408 1626 paullulum
434 1566 573 1610 maior
598 1565 730 1610 fuisse
757 1564 976 1610 uideatur.
1032 1566 1178 1616 Quam
1203 1570 1262 1610 ex'
1280 1565 1481 1611 Platonis
1501 1567 1752 1612 testimonio

165 1639 293 1682 unius
326 1638 474 1682 Eueni
515 1636 778 1694 collegimus
819 1643 1010 1680 aetatem
1052 1636 1352 1690 confirmant,
1386 1652 1500 1695 quae
1533 1638 1751 1682 Eusebius

163 1708 333 1751 Chron.
360 1709 397 1751 I.
433 1724 473 1765 p.
504 1707 594 1752 54.»
619 1706 689 1748 ed.
715 1705 882 1764 Scalig.
919 1713 965 1749 et
1001 1708 1059 1749 G.
1092 1706 1325 1766 Syncellus
1360 1706 1388 1749 l.
1420 1721 1459 1749 c.
1492 1706 1549 1749 ad
1584 1722 1749 1752 annum

163 1777 235 1821 Ol.
264 1778 516 1829 LXXXII,
545 1782 590 1820 2.
626 1775 957 1834 adscripserunt
979 1777 1135 1819 uerbaz
1170 1773 1337 1834 Εὔηνος
1359 1775 1548 1830 ἐλεγείας
1569 1777 1751 1836 ποιητῆς

161 1848 438 1906 ἕγνωρίζετο·
491 1844 781 1903 Ἐμπεδοκλῆς
826 1850 900 1888 καὶ
943 1845 1222 1904 Παρμενίδης
1260 1846 1565 1904 ἐγνωρίζοντο·
1660 1849 1747 1892 His

163 1918 334 1971 uerbis,
368 1917 405 1960 si
442 1915 617 1959 solum
658 1914 714 1959 de
747 1915 894 1958 Eueni
926 1922 1072 1958 aetate
1106 1916 1402 1959 testimonium
1428 1918 1748 1972 contineretur,

161 1986 401 2031 admodum
435 1992 565 2030 caute
596 1992 711 2029 esset
744 1984 985 2039 utendum,
1021 1985 1185 2044 quippe
1208 1985 1367 2044 quibus
1391 2001 1520 2030 error
1542 1986 1748 2032 insideat.

161 2058 282 2102 Nam
317 2054 611 2115 Empedocles
644 2062 690 2098 et
723 2054 1040 2108 Parmenides,
1085 2071 1194 2114 quos
1228 2071 1315 2099 una
1347 2070 1448 2100 cum
1482 2057 1641 2101 Eueno
1674 2057 1747 2101 Ol.

161 2125 411 2171 LXXXII.
447 2133 492 2171 2.
539 2124 737 2169 floruisse
771 2125 991 2172 Eusebius
1022 2123 1157 2180 dicit,
1204 2125 1397 2171 nondum
1424 2125 1508 2171 hoc
1532 2133 1749 2186 tempore,

160 2197 239 2242 sed
264 2197 334 2240 hic
371 2194 453 2255 (cf.
480 2195 721 2240 Parmenid
745 2194 818 2240 ed.
842 2197 998 2241 Karst.
1035 2196 1134 2240 Vol.
1159 2197 1197 2241 I.
1231 2204 1294 2256 pt.
1323 2204 1367 2243 2.
1402 2213 1444 2255 p.
1473 2198 1517 2242 4.
1540 2195 1635 2257 sq.)
1673 2198 1746 2242 Ol.

161 2267 443 2317 LXXXVI,
490 2266 563 2309 ille
609 2264 699 2321 (cf.
733 2266 995 2324 Empedocl.
1032 2266 1102 2310 ed.
1137 2266 1285 2311 Sturz.
1310 2266 1350 2310 I.
1388 2278 1431 2324 p'.
1460 2272 1503 2311 7.
1537 2267 1638 2328 sq.)
1674 2267 1745 2311 Ol.

162 2337 416 2383 LXXXIV
461 2336 627 2379 floruit.
708 2336 782 2379 Vti
807 2335 947 2394 igitur
972 2336 1015 2379 in
1042 2336 1123 2379 hac
1149 2351 1197 2379 re
1222 2337 1390 2380 errauit
1414 2336 1649 2391 Eusebius,
1686 2338 1746 2382 ita

162 2425 263 2452 eum
294 2409 337 2451 in
372 2403 684 2451 constituendo
708 2405 855 2449 Eueni
890 2406 1000 2449 flore
1036 2420 1206 2449 errasse
1231 2413 1376 2464 posset
1399 2405 1556 2465 aliquis
1580 2408 1745 2464 dicere,

162 2480 243 2522 nisi
263 2478 466 2523 Platonis
483 2475 749 2520 auctoritate
768 2474 861 2518 eius
880 2475 1177 2519 testimonium
1198 2476 1304 2519 satis
1328 2476 1589 2522 muniretur.
1620 2480 1746 2523 .Huc

162 2548 266 2593 facit
299 2549 431 2594 etiam
468 2546 590 2591 locus
622 2545 806 2590 Maximi
838 2545 968 2604 Tyrii
1004 2543 1139 2605 (diss.
1166 2546 1440 2591 XXXVIII.
1469 2549 1513 2593 4.
1556 2564 1600 2607 p.
1627 2551 1743 2595 225.

161 2618 234 2663 ed.
260 2619 464 2679 Reisk.)‚
510 2632 598 2677 quo
623 2618 678 2662 ab
703 2616 862 2661 Eueno
887 2615 1094 2661 discimus
1120 2616 1300 2662 doctum
1327 2633 1420 2662 esse
1443 2619 1672 2664 Socratem
1698 2618 1743 2680 ¹⁸)

218 2804 254 2850 *)
275 2799 378 2840 Huic
396 2800 482 2838 loco
502 2814 703 2855 repugnare
721 2800 873 2842 uidetur
892 2799 1032 2842 Suidae
1050 2803 1096 2849 (s.
1113 2816 1154 2841 u.
1171 2798 1391 2851 Σωκράτης)
1409 2803 1532 2851 locus,
1552 2799 1620 2840 ubi
1641 2800 1745 2843 Eue.

276 2872 347 2898 nus
368 2858 461 2896 inter
481 2858 642 2897 Socratis
662 2859 849 2899 auditores
868 2860 1034 2899 refertur.
1088 2859 1162 2899 Sed
1181 2860 1299 2900 miror
1318 2859 1579 2900 Gaisfordium
1590 2888 1606 2909 ,
1636 2861 1744 2916 quod

276 2922 519 2970 quamquam
541 2924 648 2956 antea
667 2917 900 2957 uocabulum
922 2915 1123 2965 φιλόσοφοι
1150 2932 1171 2959 a
1192 2917 1390 2959 codicibus
1411 2917 1572 2971 optimis
1588 2918 1728 2958 Parisin

278 2975 448 3016 Vossian.
470 2974 769 3027 praetermissum
791 2976 921 3025 eiecit,
952 2984 1076 3016 tamen
1096 2991 1229 3017 uocem
1250 2975 1403 3025 Εὔηνος
1420 2977 1599 3029 expellere
1619 2977 1744 3025 noluit
