1943 3223
887 153 977 202 45

141 321 197 364 ab
219 318 368 364 animo
392 331 500 362 uero
525 318 708 363 iunioris
740 318 914 373 Eueni,
948 332 1078 377 quem
1112 317 1300 378 ἐρωτικὰ
1330 317 1554 377 scripsisse
1589 317 1721 362 intel-

139 390 380 443 leximus,
393 402 477 433 non
504 387 635 433 modo
662 405 748 438 non
773 388 1009 443 abhorret,
1043 387 1120 433 sed
1145 403 1331 449 prorsus
1358 388 1401 432 in
1426 388 1570 445 hunc,
1606 388 1642 433 si
1676 388 1721 432 in

102 455 108 461 ¹
141 474 407 519 quemquam
432 459 673 519 quadrat.
660 485 726 492 —
780 497 784 499 ,

235 542 310 587 Vs.
336 546 379 587 1.
413 540 461 585 ἐκ
484 539 562 586 δύο
585 539 759 587 λοιπόν.
786 539 917 584 Plan.
946 539 1180 600 δυολυτρῶ.
1207 539 1308 584 Pal.
1332 538 1381 584 ἐκ
1405 537 1477 584 δύ’
1502 538 1720 600 ὀλέθρων,

140 612 340 657 Brunck.
375 611 418 655 in
449 618 602 666 textu,
638 612 682 655 in
716 611 864 655 Lectt.
905 609 965 653 ἐκ
985 607 1062 654 δύο
1093 611 1289 671 λυγρῶν,
1336 624 1451 669 quae
1485 611 1721 669 scriptura,

139 683 245 741 quin
271 681 467 741 genuina
491 681 573 736 sit,
609 697 695 726 non
729 687 875 740 potest
908 678 1087 724 dubium
1118 697 1212 726 esse
1244 695 1460 740 perpensa
1489 681 1721 725 literarum

146 752 189 796 T
216 758 262 796 et
286 751 341 795 Γ
369 713 669 796 similitudine.
717 750 974 795 Sententiae
1005 766 1156 794 caussa
1187 750 1481 795 conferendus
1512 758 1580 794 est
1604 752 1723 794 Ana-

139 837 290 867 creon.
325 819 523 880 (XLyl.
555 826 595 865 1.
621 819 713 881 sq.)
750 814 967 865 Χαλεπὸν
996 820 1047 865 τὸ
1079 820 1138 878 μκῆ
1172 822 1380 879 φιλῆσαι·
1425 821 1642 866 Χαλεπὸν
1673 821 1723 865 δὲ

140 897 213 937 καὶ
237 892 444 950 φιλῆσαι.
480 889 808 958 Χαλεπώτερον
831 884 880 935 δὲ
902 887 1088 935 πάντων
1114 888 1462 947 Ἀποτυγχᾶνειν
1483 893 1721 951 φιλοῦντα,

140 953 590 1022 et'rheogn1fz'41
625 960 726 1021 (W
752 966 898 1007 1091.
924 958 1038 1020 Bk.)

274 1042 515 1104 Ἀργαλέως
548 1060 624 1100 μοι
658 1042 802 1100 θύμος
837 1042 927 1098 ἔχει
960 1035 1066 1102 περὶ
1101 1045 1180 1101 σῆς
1215 1042 1468 1101 φιλότητος·

416 1109 517 1159 οὕτε
552 1114 633 1174 γὰρ
668 1114 900 1174 ἐχθαίρειν
935 1109 1037 1158 οὔτε
1072 1113 1220 1172 φιλεῖν
1254 1111 1464 1171 δύναμαι,

280 1182 529 1241 γιγνώσκων
562 1185 761 1239 χαλεπὸν
793 1188 900 1241 μὲν,
936 1182 1048 1228 ὅταν
1080 1185 1208 1242 φίλος
1242 1181 1372 1244 ἆνδρῑ
1407 1187 1600 1243 γένηται,

414 1254 668 1316 ἔχθαίρειν,
704 1254 904 1311 χαλεπὸν
938 1251 984 1298 δ’
1021 1250 1098 1300 οὗκ
1132 1253 1352 1312 ἐθέλοντα
1386 1255 1547 1315 φιλεῖν.

888 1380 969 1427 12.

235 1490 428 1549 Legitur
452 1488 556 1532 ibid.
589 1504 632 1547 p.
655 1492 770 1534 375.
803 1503 904 1531 cum
928 1487 1135 1536 lemmate
1157 1485 1414 1533 ἀδέσποτον
1437 1490 1497 1539 εἷς
1516 1488 1723 1544 χελιδόνα

142 1563 315 1616 τέττιγα
345 1561 657 1603 καταπιοῦσαν
688 1558 769 1615 τὸν
788 1558 1226 1621 μουσικὸν-μέμψις.
1284 1559 1458 1603 Iterum
1486 1559 1652 1618 legitur
1678 1575 1722 1618 p.

143 1634 259 1676 413.
294 1645 394 1675 cum
421 1629 628 1673 lemmate
661 1625 834 1687 Εὐήνου
859 1629 920 1678 εἷς
941 1626 1148 1683 χελιδόνα
1170 1631 1348 1684 τέττιγα
1370 1633 1723 1682 κατεσθίουσαν,

145 1701 261 1746 unde
287 1701 403 1745 inter
427 1699 573 1744 Eueni
597 1699 919 1758 epigrammata
944 1707 1212 1758 receperunt
1234 1699 1433 1744 Brunck.
1458 1701 1502 1745 in
1528 1703 1618 1746 Gn.
1642 1703 1725 1746 Gr.

140 1772 179 1816 Ι.
209 1777 319 1817 166.
346 1787 388 1815 n.
415 1775 490 1815 13.
518 1772 601 1813 An.
621 1769 661 1813 I.
694 1775 735 1814 1.
761 1785 805 1828 p.
827 1761 942 1816 325.
967 1769 1138 1814 Iacobs.
1157 1770 1203 1814 in
1221 1770 1472 1815 Anth.Pa1.
1491 1771 1579 1815 IX.
1614 1776 1724 1816 122.

273 1851 403 1898 Ἀτθῑ
436 1849 571 1911 κόρα,
607 1852 903 1911 μελίθρεπτε,
923 1849 1071 1902 ,λάλος
1102 1850 1241 1896 λάλον
1274 1849 1517 1911 ἁρπάξασα

413 1924 589 1976 τέττιγα
623 1926 812 1971 πτανοῖς
845 1921 980 1966 δαῖτα
1014 1924 1162 1981 φέρεις
1195 1923 1392 1973 τέκεσιν,·

278 1993 359 2037 τὸν
391 1990 529 2036 λάλον
562 1987 593 2033 ἃ
627 1988 880 2044 λαλόεσσα,
916 1991 997 2036 τὸν
1031 1988 1246 2051 εὔπτερον
1280 1989 1312 2035 ἆ
1345 1990 1619 2052 πτερόεσσα,

412 2061 493 2105 τὸν
525 2062 653 2114 ξένον
686 2057 718 2122 ᾇ
752 2063 901 2114 ξείνα,
938 2060 1017 2105 τὸν
1050 2059 1247 2121 θερινὸν”
1269 2060 1460 2122 θερινάς

280 2128 421 2187 Κοῦχῑ
455 2129 587 2186 τάχος
622 2123 770 2192 ῥίψεις
780 2149 797 2183 ;
833 2128 884 2175 οὗ
919 2131 1001 2190 γὰρ
1037 2134 1168 2188 θέμις
1203 2129 1305 2177 οὗδὲ
1341 2133 1528 2186 δίκαιον,

325 2211 328 2213 ’
413 2198 603 2246 ἷίλλυσθ3
639 2198 918 2258 ῧμνοπόλους
950 2198 1220 2258 ὑμνοπόλσις
1256 2201 1500 2260 στόμασιν.

140 2283 353 2331 Hirundo
385 2284 429 2329 in
459 2283 542 2329 hoc
564 2284 785 2339 carmine,
819 2274 863 2328 i'd
889 2283 1010 2344 quod
1033 2283 1241 2330 lemmate
1265 2286 1399 2331 etiam
1424 2284 1722 2346 significatum

138 2363 233 2411 est,
270 2354 635 2415 reprehenditur,
669 2354 789 2414 quod
812 2354 1007 2400 cicadam
1031 2371 1240 2400 canoram
1266 2357 1437 2415 rapuit,
1469 2370 1600 2415 quam
1625 2356 1722 2399 aui-

139 2425 250 2472 culis
273 2426 357 2472 cibi
383 2425 479 2472 loco
504 2426 754 2486 praeberet.
779 2451 847 2459 —
864 2425 979 2471 Iam
1004 2427 1182 2472 omnino
1200 2425 1318 2485 apud
1340 2434 1513 2471 ueteres
1529 2425 1724 2471 hirundo

139 2505 376 2557 propterea
401 2496 516 2541 male
537 2496 769 2551 audiebat,
806 2503 855 2539 ut
878 2495 1010 2541 dbcet
1034 2496 1264 2542 Plutarch.
1290 2497 1347 2540 Τ.
1364 2497 1429 2541 II.
1456 2512 1499 2555 p.
1522 2502 1640 2542 727.
1664 2496 1723 2542 Ε.

141 2567 311 2612 dicens:
346 2564 396 2627 (ἦ
418 2566 629 2627 χελιδών)
662 2563 943 2627 σαρκοφάγος
974 2567 1097 2622 ἐστὶ,
1132 2572 1205 2612 καὶ
1230 2564 1425 2624 μάλιστα
1458 2566 1561 2618 τοὺς
1583 2570 1724 2613 τέττι-

142 2654 220 2694 γας
243 2636 384 2697 ἵεροῦς
406 2642 480 2681 καὶ
501 2637 737 2694 μουσικοὺς
759 2633 891 2687 ὄντας
914 2635 1204 2684 ἀποκτίννυσι
1225 2642 1300 2681 καῖ
1323 2643 1529 2682 σιτεῖται.
1580 2638 1725 2683 Clem.

139 2700 269 2754 Alex.
300 2708 465 2753 Strom.
483 2708 539 2753 V.
573 2724 615 2767 p.
645 2712 759 2754 660.
787 2711 867 2753 33.
905 2706 1049 2753 διώκει
1079 2709 1128 2754 δὲ
1160 2705 1248 2769 ἄρα
1288 2712 1362 2752 καὶ
1395 2711 1595 2766 τέττιγας
1624 2709 1726 2759 τοῦς

138 2780 398 2836 μουσικοὺς,
433 2776 545 2824 ὅθεν
575 2775 872 2823 ἀπωθεῖσθαι
900 2775 1076 2830 δίκαιος.
1136 2779 1235 2835 Ael.
1259 2779 1325 2824 H.
1350 2780 1405 2838 A.
1429 2781 1564 2827 VIII.
1593 2785 1638 2825 6.
1669 2776 1725 2839 ἦν

140 2850 190 2894 δὲ
226 2846 316 2910 ἄρα
354 2847 591 2910 εὖχείρωτα
632 2853 706 2894 καὶ
740 2847 884 2910 αἱρεῖν
916 2853 1085 2911 ρᾷστα,
1122 2849 1169 2895 οἷ
1199 2847 1296 2907 ὄνοι
1326 2855 1411 2908 μὲν
1442 2857 1532 2901 τοῖς
1562 2848 1724 2905 λύκοις,

139 2925 236 2972 ταῖς
255 2923 423 2984 μέροψι
449 2920 498 2990 δὲ
521 2914 812 2978 αἶ’μέλιτται,
844 2926 942 2974 ταῖς
964 2938 1012 2979 γε
1033 2920 1119 2981 μκῆν
1141 2916 1339 2979 χελιδόσι
1361 2920 1410 2969 οἵ
1427 2924 1628 2979 τέττιγες.
1653 2946 1723 2956 --
