1943 3223
855 158 943 207 55

112 336 248 396 ἱεραῖς
281 328 478 391 ψηφοῖσι
502 320 600 384 *)).
654 325 826 385 ψῆφος·
880 321 1005 380 λόγος
1040 322 1240 384 Hesycb.
1275 325 1429 386 ψῆφος
1465 337 1553 368 non
1590 336 1692 367 raro

111 401 365 452 consilium,
420 394 648 440 decretum
691 391 961 454 (praecipue
995 393 1218 455 deorum)
1263 395 1510 455 significat,
1567 392 1693 439 uelut

113 472 271 530 Eurip.
308 468 424 513 Hec
453 469 569 512 218.
605 481 758 520 γυναι,
796 463 910 508 doxa-3
942 466 1025 521 μέν
1059 462 1107 508 <5³
1144 465 1310 510 εἰδέναι
1345 463 1520 523 γνώμην
1554 478 1691 524 στρα-

110 545 191 587 τοῦ
225 535 385 601 ψῆφόν
419 551 468 579 τε
501 534 581 592 τὴν
614 538 904 594 κρανθεῖσαν.
953 534 1119 579 Troad.
1148 540 1264 582 779.
1301 533 1379 580 ὅθι
1406 547 1480 579 σοι
1505 537 1693 592 Πνεῦμα

109 615 317 671 μεθεῖναι
351 608 502 668 ψῆφος
536 603 743 665 ἐκράνθη.
793 603 1006 650 Androm.
1036 610 1183 652 1271.
1220 606 1373 651 Πᾶσιν
1401 604 1484 664 γὰρ
1515 603 1693 666 ἀνθρώ-

110 693 267 728 ποισιν
300 676 376 736 ἥδε
411 675 521 735 πρὸς
547 678 670 720 θεῶν
705 675 861 733 Ψῆφος
885 676 1141 735 κέκρανται,
1176 680 1423 721 κατθανεῖν
1450 672 1690 734 ὅφείλεται.

110 754 183 799 Ita
207 747 409 795 hocloco
434 749 586 809 ψῆφος
622 761 708 791 non
745 745 802 790 de
836 745 1012 802 charta,
1068 746 1139 792 uel
1175 746 1232 793 de
1268 747 1405 803 libro,
1461 762 1563 792 nam
1608 746 1693 792 hoc

112 819 357 866 inauditum
395 824 530 870 esset,
574 816 652 861 sed
688 815 744 860 de
778 824 1044 875 argumento
1079 818 1382 877 accipiendum
1419 825 1510 871 est3
1557 833 1693 877 quae-

109 893 224 937 ritur
251 888 395 943 enim,
430 903 511 933 cur
535 886 673 932 blatta
705 886 867 949 sanctis
895 885 1078 938 deorum
1116 886 1305 933 decretis
1339 888 1585 933 insidietur.
1621 911 1692 921 -—

109 964 185 1006 Vs.
213 963 258 1007 4.
294 960 375 1018 τὴν
410 957 639 1017 φθονερῆν
665 953 850 1014 εἶκόνα)
888 954 1096 1002 Reiskius
1120 957 1176 1002 de
1200 958 1510 1013 foraminibus,
1545 960 1692 1018 pictu-

108 1033 169 1077 ris
204 1038 250 1076 et
287 1029 487 1089 uestigiis
522 1028 768 1088 carminum
805 1028 851 1083 in
872 1027 1007 1082 libris
1042 1028 1232 1097 intelligi
1268 1029 1380 1075 uult.
1424 1054 1495 1062 —
1538 1030 1616 1074 Vs.
1644 1034 1691 1075 6.

108 1104 158 1148 ἐν
193 1099 352 1164 ψήφωι
387 1098 522 1169 δόξαν
549 1092 878 1161 ἕπειςαγαγηι
899 1091 1371 1159 Pa1.1nterpretesin
1397 1098 1560 1144 codicis
1584 1099 1691 1143 scri-

106 1179 238 1232 ptura
274 1187 320 1215 se
355 1162 635 1229 acquiescere
673 1185 758 1214 non
797 1166 922 1227 posse
958 1168 1284 1253 intelligentes
1286 1170 1409 1213 uaria
1438 1176 1692 1223 tentarunt;

106 1242 360 1287 Brunckius
403 1255 457 1284 ex
498 1239 650 1285 Guieti
684 1238 1011 1285 emendatione:
1056 1236 1288 1301 εὐψῆκτω
1304 1240 1443 1300 δῆξιν
1465 1237 1691 1297 ἐπειςαγά-

105 1329 178 1375 γῃς
213 1314 357 1357 actiua
389 1311 710 1369 significatione
739 1306 905 1369 pro-813
935 1308 1144 1372 ψήχοντι,
1181 1308 1231 1355 εὗ
1264 1310 1441 1372 ψήχεινι
1461 1310 1690 1370 δυναμένῳ

106 1383 300 1442 scripsit,
340 1380 458 1441 quod
495 1381 672 1425 minime
708 1380 988 1440 perspicuum
1025 1388 1104 1453 est.
1163 1381 1532 1427 Iacobsiusuero
1560 1382 1689 1442 inge-

107 1452 411 1501 niosissimam-
414 1450 798 1502 emendationem.
813 1449 1063 1507 ,βάσκανε
1098 1451 1180 1496 τὸν
1200 1449 1372 1510 σὶφων’-
1409 1449 1513 1505 ὄξῦν
1548 1452 1690 1502 ἔπεις-

106 1520 292 1587 αγάγῃς,
330 1538 407 1565 ne
408 1529 597 1582 acutum
634 1520 898 1585 admoneas.
907 1529 1114 1577 rostrum.
1174 1522 1379 1586 Culices
1395 1522 1512 1567 enim
1558 1540 1689 1580 αιμα-

106 1611 180 1644 τος
216 1597 415 1650 σίφωνας
450 1578 642 1650 appellat
677 1577 870 1650 Meleag.
905 1591 1067 1650 (Anth.
1094 1591 1193 1635 Pal.
1219 1593 1274 1636 V.
1306 1589 1446 1653 151.)
1506 1593 1580 1637 Sic
1610 1609 1689 1637 au-

103 1672 195 1708 tem
231 1663 377 1707 tineae
412 1668 602 1705 rostrum
640 1661 852 1720 appellari
889 1663 1056 1720 potuit,
1101 1661 1221 1720 quod
1257 1678 1311 1706 eo
1346 1662 1526 1707 chartae
1562 1678 1689 1721 per-

105 1732 453 1785 tunduntur‚
497 1738 548 1775 ut
583 1731 626 1774 in
664 1731 824 1790 Eurip.
870 1731 998 1791 Cycl.
1027 1733 1140 1778 438.
1187 1729 1297 1792 (ubi
1337 1732 1416 1777 uit.
1457 1731 1690 1796 Interpp.)

104 1804 350 1863 membr-um
390 1801 532 1846 uirile.
605 1802 766 1861 Neque
814 1801 910 1846 uiro
947 1802 1135 1847 multum
1172 1802 1325 1848 differt
1369 1808 1622 1862 σιφωνοξυν
1664 1819 1691 1849 a

104 1875 323 1933 scriptura
360 1873 543 1917 membr.
581 1872 930 1933 ψηφωι-δοξαν.“
1004 1874 1148 1923 Quam
1173 1874 1530 1928 correctionem,
1585 1874 1690 1919 licet

103 1960 156 1989 ea
192 1943 412 1988 nonnullis
448 1942 589 2002 magis
625 1942 857 2001 ingeniose
893 1943 1095 1997 inuenta,
1151 1959 1282 2003 quam
1321 1960 1428 1990 uera
1464 1943 1688 2000 uideatur,

104 2014 309 2073 equidem
348 2020 495 2057 tamen
535 2011 774 2056 admodum
811 2013 1078 2071 probabilem
1117 2020 1241 2073 puto.

161 2198 196 2243 *)
217 2195 355 2236 Reiskii
382 2195 625 2245 sententiam,
656 2195 741 2235 ideo
762 2194 914 2236 sortasse
935 2196 1170 2238 membranas
1190 2206 1256 2237 aut
1275 2196 1423 2238 chartas
1443 2198 1601 2247 ψήφους
1620 2197 1685 2237 di..

217 2262 295 2292 ctas
322 2253 457 2301 fuisse,
486 2254 595 2308 quod
625 2255 698 2293 sint
727 2258 930 2303 ψαφαραί,
969 2255 1115 2304 rasiles,
1148 2256 1350 2305 radantur,
1386 2256 1608 2310 priusquam
1637 2256 1683 2294 iis

217 2311 456 2360 inscribatur,
486 2320 521 2352 et
540 2312 718 2365 inscripta
739 2327 897 2368 quoque
916 2327 961 2352 ex
980 2313 1055 2353 illis
1076 2313 1176 2354 eradi
1197 2314 1357 2366 possint,
1384 2313 1472 2353 satis
1495 2322 1547 2354 est
1566 2312 1683 2353 uerbo

217 2369 391 2422 tetigisse.
