1943 3223
192 311 266 358 uel
299 313 491 359 maxime
520 313 831 360 demonstrant
864 324 1037 375 poetae·
1055 315 1314 375 ingenium,
1344 317 1779 379 quoseloqueatiam

191 398 273 428 suo
298 399 421 429 more
445 392 492 429 et
514 400 597 430 suo
621 386 816 445 ipsorum
831 386 998 446 alingua
1024 392 1237 431 tractasse
1269 386 1459 431 libenter
1481 388 1778 435 concedimus.

193 454 319 504 Quae
355 469 462 499 uero
499 455 575 500 illa
610 456 723 511 sint,
760 458 1054 504 ueteres-iam
1092 456 1316 511 tradunt,=
1340 456 1559 502 Hermiae
1584 473 1637 517 p.
1669 465 1779 515 191.

192 528 500 583 παρεπαίνους
531 526 580 571 δὲ
611 527 726 583 λέγει
755 528 835 571 ἵνα
867 524 1070 587 ἆντικρῦς
1098 527 1158 586 μὴ
1189 527 1390 580 &nawen
1427 527 1549 572 ὄοιοεῖ
1564 528 1637 572 δὲ.
1650 529 1778 580 ἐπαί-

190 609 303 648 νειν,
337 592 498 652 ὁμοίως
520 596 570 642 δὲ
592 602 667 641 καὶ
690 599 862 659 ψέγειν.
899 597 984 642 Eat
1004 598 1124 642 enim
1148 594 1441 656 ῧπυδῆλωσις,
1474 590 1774 657 cuinspartes

191 668 474 725 παρέπαινος
503 674 551 711 et
580 666 876 729 nathpoyog,
914 668 1052 713 ironia
1087 667 1331 726 quaedam,
1371 683 1460 727 qua
1495 683 1538 713 u.
1561 683 1613 712 c.
1642 682 1780 727 quem

191 734 318 780 initio
344 736 514 781 laudari
539 744 684 795 putas,
719 739 880 787 acerbe
901 739 1175 797 exagitatur.
1223 737 1371 784 *Haud
1396 735 1499 782 raro
1523 738 1641 782 enim
1666 738 1782 784 acci·-

191 804 284 859 dit,
322 814 372 850 ut
394 822 482 865 quo
507 807 653 852 minus
674 808 982 854 aduersarium
1009 808 1295 853 uehementer
1318 809 1649 868 impugnemus,
1673 822 1780 867 pru·-

193 874 344 920 dentia
369 892 449 922 nos
472 877 713 937 impediat,
748 878 824 924 sed
850 878 988 924 multa
1015 885 1065 923 ut
1085 877 1519 925 cumulemus-laude
1543 886 1589 923 et
1612 878 1781 924 honore

191 961 435 1005 cogamur,
470 948 591 1007 quod
614 953 680 994 ‘ne
710 964 766 994 ex
783 949 934 994 animi
960 948 1127 994 dictum
1155 949 1363 994 uideatur
1384 950 1630 1003 sententia,
1665 956 1783 997 tecte

191 1023 238 1061 et
261 1018 421 1062 sensim
447 1018 589 1062 iacula
612 1018 856 1063 emittenda
879 1026 1000 1074 sunt,
1034 1019 1168 1064 cuius·
1183 1020 1249 1064 rei
1274 1027 1510 1078 praecepta
1534 1035 1621 1064 non
1647 1018 1781 1063 inuti-

192 1085 254 1130 lia
287 1088 462 1147 saepius
498 1089 666 1133 oratori
696 1096 966 1134 succurrunt
997 1095 1044 1133 et
1075 1089 1110 1133 si
1133 1088 1402 1134 *dextrehis
1432 1089 1498 1133 uti
1526 1090 1609 1134 soit
1632 1090 1798 1142 εινιιιίε,ι

192 1156 383 1203 feliciter
407 1165 457 1202 ut
479 1166 588 1218 agat
608 1174 809 1205 caussam
834 1160 1048 1204 efficiunt.
1121 1160 1221 1204 Nec
1248 1160 1409 1219 ignota
1436 1159 1543 1203 haec
1568 1160 1783 1218 posterio-

192 1228 341 1283 ribus3
376 1229 629 1289 exemplum
656 1231 842 1290 praebet
866 1229 1053 1290 Apsines
1086 1245 1131 1289 p.
1159 1235 1277 1276 691.
1306 1229 1439 1277 Ald.“

284 1368 467 1413 Horum
503 1371 639 1415 trium
674 1369 876 1414 Platonis
907 1370 1106 1415 locorum
1141 1369 1176 1413 si
1202 1381 1468 1429 argumenta
1493 1369 1782 1429 comprehen-

193 1436 339 1483 dimus
352 1471 366 1494 ,
409 1439 700 1500 intelligimus
731 1440 939 1485 Euenum
980 1455 1038 1484 ex
1073 1439 1250 1484 illorum
1290 1440 1599 1505 sophistarum·
1622 1455 1784 1499 grege,

194 1508 272 1568 qui
306 1509 543 1555 maximam
578 1517 748 1570 partem
784 1510 827 1554 in
863 1512 994 1555 rebus
1026 1510 1226 1563 externis
1251 1509 1571 1569 *philosophiam
1599 1516 1784 1570 ponunt,

194 1579 383 1640 fuisse*)
408 1588 454 1625 et
472 1582 689 1640 Gorgiae,
726 1581 907 1625 Prodici
933 1588 1274 1640 ceterorumque
1300 1596 1423 1624 more
1448 1580 1712 1625 rhetoricam
1738 1589 1784 1625 et

194 1648 513 1710 philosophiam
550 1651 695 1710 pretio
726 1650 985 1704 tradidisse,
1020 1650 1064 1694 in
1095 1666 1147 1694 eo
1172 1658 1320 1695 autem
1353 1651 1408 1695 ab
1435 1650 1614 1709 reliquis
1637 1650 1783 1709 sophi.-

196 1720 275 1763 stis
299 1718 573 1775 discessisse,
607 1720 752 1779 quod,
790 1728 838 1765 ut
871 1720 1185 1779 discipulorum
1221 1721 1459 1765 memoriae
1485 1727 1784 1775 succurreret,

195 1788 308 1834 haec
341 1798 578 1850 praecepta
611 1791 655 1834 in
689 1791 897 1835 carminis
926 1790 1111 1835 formam
1148 1790 1372 1848 ligauerit.
1430 1790 1485 1834 In
1519 1789 1603 1834 hac
1634 1797 1783 1835 autem

196 1874 254 1904 ne
277 1859 421 1910 dicam
457 1861 573 1905 sola
606 1873 656 1905 re
680 1868 828 1905 tamen
855 1861 1047 1905 maxime
1070 1861 1168 1905 eius
1190 1867 1329 1905 artem
1357 1860 1570 1919 poeticam
1599 1861 1783 1919 positam

197 1929 355 1985 fuisse,
376 1932 512 1976 'locus
547 1931 681 1976 etiam
714 1947 771 1976 ex
809 1931 1051 1976 Phaedone
1082 1931 1240 1975 allatus
1264 1930 1420 1983 docet,
1457 1931 1529 1974 ubi
1561 1931 1785 1985 Socrates,

197 2015 246 2044 se
271 2001 387 2045 nolle
413 2002 559 2046 Eueni
585 1999 843 2057 ἀντίτεχνον
866 2018 962 2046 esse
986 2002 1177 2054 dixerat,
1202 2016 1468 2060 quamquam
1494 2001 1587 2059 ipse
1611 2008 1783 2045 tantum

196 2070 361 2130 Aesopi
385 2071 553 2116 fabulas
577 2072 620 2116 in
650 2087 805 2116 uersus
831 2071 1085 2130 redegerat.
1157 2071 1252 2115 Cur
1281 2070 1451 2115 diceret
1470 2071 1704 2124 Socrates}
1737 2086 1786 2114 se

196 2142 444 2186 orationem
471 2141 719 2200 pedestrem
748 2144 947 2187 uersibus
971 2142 1208 2200 polientem
1224 2173 1236 2195 ‚
1271 2141 1344 2185 cui
1369 2140 1547 2199 quidem
1576 2141 1642 2184 rei
1665 2147 1785 2185 cete-

200 2212 359 2271 roquin
390 2211 578 2255 multum
608 2212 762 2255 tribuit
785 2212 875 2271 **),
910 2212 1028 2256 nolle
1054 2212 1275 2255 aemulum
1300 2209 1382 2270 ***)
1417 2210 1562 2254 Eueni
1595 2225 1714 2263 esse,
1748 2210 1785 2254 si

198 2281 317 2327 hunc
342 2281 428 2327 alia
452 2282 650 2327 carmina
676 2282 853 2336 finxisse
875 2298 929 2326 ac
954 2282 1191 2340 praecipue
1224 2280 1437 2324 clarum
1472 2280 1782 2338 elegiarum

257 2424 291 2469 *)
312 2421 471 2474 Optime
486 2419 603 2473 hujus
617 2419 757 2473 generis
769 2417 1026 2473 philosophos
1041 2418 1213 2471 depinxit
1227 2418 1415 2457 Lucianus
1431 2418 1468 2456 in
1481 2418 1671 2458 conuiuio
1685 2427 1719 2458 et
1735 2420 1785 2458 al.

239 2481 293 2526 **)
312 2479 405 2518 lnde
432 2479 545 2518 etiam
576 2477 867 2531 explicationem
891 2476 1012 2515 ferunt
1033 2475 1145 2516 uerba
1163 2475 1322 2515 Phaedr.
1343 2475 1370 2514 l.
1390 2488 1424 2515 e.
1447 2475 1564 2523 σοφὸς
1581 2475 1655 2526 γὰρ
1675 2476 1786 2525 ἀνήρ,

317 2550 403 2574 nam
434 2535 541 2576 haud
568 2534 679 2574 facile
706 2535 844 2584 fuisse,
874 2534 965 2574 tales
993 2536 1070 2584 res,
1100 2535 1228 2589 quales
1250 2534 1357 2573 Plato
1379 2534 1717 2584 commemorauit,
1746 2534 1784 2573 in

316 2608 490 2633 uersuum
512 2594 674 2634 formam
696 2593 889 2641 inducere,
917 2591 1141 2632 credendum
1164 2601 1230 2632 est.
1773 2607 1775 2609 ·

219 2653 293 2700 ***)
315 2652 460 2691 Ironice
479 2651 573 2691 haec
592 2651 707 2691 uerba
722 2652 825 2691 dicta
840 2665 913 2690 esse
930 2650 1006 2689 iam
1023 2664 1135 2704 supra
1154 2649 1386 2689 monuimus.
1407 2670 1466 2679 —-·
1485 2649 1609 2689 Groen
1624 2664 1658 2688 v.
1675 2648 1787 2688 Prin-

316 2717 427 2750 steret
463 2711 655 2764 (Prosogr.
676 2711 823 2752 Platon.
852 2725 893 2764 p.
915 2713 969 2752 25
991 2713 1076 2764 sq.)
1105 2709 1155 2749 ad
1182 2707 1225 2748 h.
1253 2709 1281 2748 l.
1310 2708 1475 2748 Platonis
1503 2709 1678 2748 adnotat:
1710 2721 1784 2746 non

315 2766 466 2808 consilii
488 2778 672 2820 expertem
691 2783 787 2809 uoce
806 2770 1019 2816 ἀντίτεχνος
1039 2769 1230 2808 Platonem
1251 2781 1364 2806 usum
1386 2781 1475 2816 esse,
1503 2766 1612 2822 quod
1626 2764 1784 2804 uerbum

316 2825 476 2885 quidem
498 2825 644 2879 saepius
663 2828 802 2867 aemuli
829 2826 1104 2882 significatione
1128 2833 1351 2879 usurpetur,
1379 2833 1423 2865 ut
1450 2824 1518 2866 hio
1545 2823 1683 2863 ironiae
1710 2824 1786 2865 ali..

316 2885 414 2942 quid
432 2884 625 2925 contineat
644 2884 683 2923 in
703 2900 806 2934 eum,
836 2886 905 2940 qui
927 2884 1063 2938 ingenii
1085 2884 1252 2938 inopiam
1274 2884 1362 2924 artis
1379 2883 1564 2938 ἱ(τέχνης)
1583 2897 1655 2937 ope
1674 2898 1786 2923 eom..

317 2958 467 2997 pensare
486 2943 591 2984 uelit.
