1943 3223
917 195 1003 248 1⁸

175 372 344 420 nonnisi
364 375 462 430 post
478 367 551 414 01.
568 366 692 413 CIV.
715 364 905 424 ideoque
929 377 1016 407 non
1035 378 1060 407 a
1082 361 1250 408 maiore
1270 359 1405 430 Pario
1422 361 1622 409 effictum
1640 376 1748 408 esse.

172 447 323 496 Quare
346 441 389 485 si·
406 441 590 486 Euenus
613 438 757 483 minor
776 440 877 495 post
892 433 967 478 01.
982 434 1105 478 CIV.
1127 433 1296 494 elegias
1313 432 1537 492 scripserit
1555 437 1753 493 oportet,

170 514 295 558 idem·
312 526 419 556 uero
444 510 530 555 iam
554 510 610 554 ab
633 496 932 553 Eratosthene
955 499 1053 563 (ap,
1077 503 1303 564 Harpocr.
1328 502 1357 547 1.
1384 501 1476 562 b,).
1511 519 1645 563 quem
1672 518 1752 548 na-

170 579 264 628 tum
290 583 449 627 scimus
473 581 547 626 01.
566 576 786 631 CXXVI,
810 582 1248 623 Leommemoratus
1268 580 1352 629 est,
1369 609 1371 611 .
1388 573 1598 618 habemus
1622 576 1753 630 fines,

171 669 283 712 quos
314 653 357 696 in
390 649 644 695 definiendo
683 647 779 693 eius
821 644 939 701 uitae
971 651 1171 705 tempore
1209 642 1477 704 transgredi,
1511 659 1596 687 non
1632 644 1751 689 licet.

169 723 261 769 Sed
288 720 427 767 multo
450 720 631 781 propius
659 716 716 763 ad
741 722 899 777 poetae
925 716 1060 760 nostri
1084 722 1276 761 aetatem
1301 714 1603 775 indagandam
1626 730 1753 760 acce-

171 794 316 837 dimus
349 807 401 836 ea
436 805 485 835 re
517 790 622 836 satis
653 795 896 848 perpensa,
932 786 1049 846 quod
1082 787 1409 846 Harpocratio,
1455 786 1583 832 cuius
1618 786 1754 831 uerba

173 865 196 921 §
233 854 279 909 2'.
313 846 566 914 attulimus,
620 858 793 906 duobus
827 855 884 901 de
918 852 1105 917 utroque
1139 856 1276 902 Pario
1309 855 1494 903 testibus
1529 872 1635 902 usus
1669 864 1755 913 est,

171 931 469 979 Eratosthene
502 936 548 974 et
579 926 834 988 Hyperide.
906 926 1162 986 Hyperides
1193 934 1341 972 autem
1376 928 1544 972 occisus
1576 934 1645 973 est
1678 927 1753 973 Ol.

172 1003 343 1056 CXIV,
378 1006 450 1055 3.,
500 1014 639 1060 quare
676 997 760 1042 iam
795 1003 899 1042 ante
932 996 1005 1041 01.
1038 998 1092 1043 C.
1129 997 1342 1043 minorem
1378 996 1562 1043 Parium
1598 1005 1753 1044 natum

171 1074 383 1132 suspicor.
443 1071 561 1115 Eum
588 1061 906 1113 Eratosthenes
931 1067 1113 1112 tradidit
1144 1066 1283 1112 solum
1309 1068 1590 1127 inclaruisse,
1626 1069 1753 1114 cuius

173 1143 309 1188 uerba
343 1156 429 1186 non
465 1140 525 1185 ita
556 1137 811 1199 accipienda
834 1144 970 1198 puto,
1005 1145 1054 1183 ut
1079 1137 1261 1195 Euenus
1285 1138 1424 1193 maior
1447 1153 1527 1183 suo
1551 1147 1754 1200 tempore

170 1210 228 1259 ad
254 1211 418 1258 nullam
443 1211 603 1256 famam
630 1207 902 1268 peruenerit,
936 1207 1013 1253 sed
1038 1214 1087 1252 ut
1112 1208 1255 1253 minor
1273 1216 1447 1254 tantum
1474 1217 1633 1269 poetae
1655 1210 1754 1271 glo-

174 1284 282 1332 riam
316 1288 578 1327 consecutus
609 1279 681 1324 sit.
750 1280 816 1325 Ac
847 1278 1045 1339 profecto
1084 1278 1320 1324 admodum
1364 1279 1458 1325 ueri
1492 1287 1560 1325 est
1593 1280 1754 1337 simile,

172 1353 319 1412 paullo
346 1359 442 1411 post
467 1358 653 1394 mortem
681 1349 858 1402 maioris
883 1348 1012 1396 Parii,
1029 1349 1223 1393 carmina
1252 1350 1345 1394 eius
1369 1342 1586 1394 didactica
1612 1351 1754 1414 maxi-

170 1436 287 1466 mam
322 1428 491 1481 partem
524 1419 746 1464 obliuione
785 1435 880 1463 esse
912 1418 1111 1474 obtecta,
1154 1420 1415 1479 praesertim
1456 1435 1558 1465 cum
1593 1420 1753 1467 similia

171 1493 383 1544 carmina,
419 1490 563 1550 quoad
589 1490 735 1534 Eueni
762 1504 915 1534 uersus
939 1504 1025 1532 non
1050 1488 1108 1532 a‘d
1132 1490 1266 1533 solam
1296 1490 1562 1534 rhetoricam
1580 1498 1754 1549 specta—

171 1563 299 1617 bunt,
336 1561 469 1621 longe
493 1559 728 1604 cleriorum
754 1565 1011 1618 poetarum,
1048 1558 1171 1602 uelut
1200 1558 1375 1604 Solonis
1406 1557 1755 1619 et'l'heognidis

171 1632 216 1675 in
251 1632 400 1675 oribus
432 1645 531 1675 cum
567 1643 805 1688 puerorum
839 1636 933 1672 tum
969 1629 1165 1672 uirorum
1199 1637 1360 1674 essent.
1433 1628 1502 1673 Ad
1536 1629 1753 1675 minorem

171 1702 379 1746 Euenum
408 1700 562 1759 igitur
606 1713 692 1741 non
733 1697 1033 1742 dubitauimus
1072 1698 1269 1744 carmina
1310 1699 1523 1743 amatoria
1566 1700 1753 1757 referre,

172 1786 287 1829 quae
321 1771 480 1815 Eueno
512 1767 686 1813 cuidam
720 1768 979 1812 tribuuntur
1011 1774 1057 1812 et
1091 1767 1380 1814 uehementer
1411 1768 1525 1826 lecta
1560 1786 1655 1816 esse
1688 1771 1753 1815 ui-

173 1839 351 1885 dentur.
411 1837 572 1884 Tradit
604 1838 719 1883 enim
756 1837 1025 1885 Artemidor.
1057 1828 1213 1884 Oueir.
1237 1839 1276 1884 1.
1314 1842 1359 1885 4.
1390 1856 1424 1884 s.
1460 1840 1536 1884 fin.
1571 1838 1642 1900 (p.
1675 1848 1750 1887 17.

171 1910 243 1956 ed.
268 1910 432 1971 Reiff.)
465 1913 539 1953 καὶ
565 1909 617 1953 τό
649 1908 923 1963 ξενοδοχεΐον
953 1906 1143 1966 κάμηλος
1172 1908 1469 1966 καλούμενον,
1503 1910 1585 1955 τὸν
1607 1913 1751 1972 μηρὸν

171 1979 399 2034 κατάξειν,
434 1980 534 2024 ἐπεὶ
556 1983 630 2022 καὶ
658 1979 710 2023 τὸ
742 1980 855 2030 ζῶον
875 1978 928 2035 τὸ
951 1976 1223 2034 καλούμενον
1244 1977 1433 2037 κάμηλος
1455 1982 1617 2035 μέσους
1639 1980 1749 2039 κάμ-

172 2067 276 2095 πτει
289 2079 292 2084 .
305 2050 406 2099 τοῦς
437 2048 598 2108 μηροῦς
629 2046 976 2104 ἐπιτεμνόμενον
1008 2053 1106 2092 τοῖν
1136 2050 1311 2093 σκελοῖν
1332 2049 1384 2094 τὸ
1406 2047 1546 2110 ὕψος,
1582 2050 1750 2109 ἐτύμως

173 2118 427 2179 κεκλημένος
457 2116 645 2176 κάμηλος
687 2116 824 2162 οἱονεὶ
863 2116 1107 2177 κάμμηρος,
1153 2117 1210 2169 ὥς
1248 2131 1387 2178 φησιν
1429 2116 1644 2179 Εὔηνος
1688 2123 1749 2169 ἐν

173 2197 289 2242 τοῖς
317 2191 400 2240 «εἰς
434 2186 691 2246 Εὔνομον
713 2190 752 2246 *)
782 2185 1140 2248 Ἐρωτικοῖςῑς
1174 2207 1212 2234 κ.
1237 2208 1278 2235 τ.
1302 2190 1342 2235 λ.
1403 2190 1528 2241 Quae
1550 2193 1749 2240 carmina

174 2262 302 2307 ualde
334 2262 548 2306 obscoena
581 2259 712 2304 fuisse
738 2266 859 2321 patet
887 2274 943 2304 ex
968 2259 1146 2304 Arriani
1170 2261 1349 2322 Disput.
1374 2262 1568 2321 Epictet.
1591 2264 1673 2309 IV.
1701 2272 1747 2311 9.

174 2334 197 2390 ς
225 2340 270 2380 6.
316 2337 420 2388 ,,καῑ
451 2335 520 2386 τί,
561 2334 725 2390 φησὶν,
765 2327 1000 2382 ἅπολλύως
1043 2326 1281 2392 ἄνθρωπε
1301 2331 1489 2392 ὑπῆρχες
1532 2332 1747 2393 αἰδήμων,

172 2408 245 2447 καὶ
269 2405 350 2449 νῦν
373 2400 517 2448 οὐκέτι
539 2402 601 2447 εἶ·
637 2398 768 2447 οῦδὲν
790 2398 1072 2451 ἀπολώλεκας
1083 2419 1101 2453 ,·
1137 2399 1236 2448 ἀντὶ
1264 2404 1536 2463 Χρυσίππου
1567 2411 1640 2450 καὶ
1664 2405 1747 2466 Ζῆ-

173 2489 311 2524 νωνος
344 2470 618 2534 Ἀριστείδην
651 2469 989 2528 ἀναγιγνώσκεις
1021 2476 1096 2516 καὶ
1129 2469 1367 2532 Εὕηνονς
1409 2470 1538 2519 οῦδὲν
1568 2472 1747 2522 ἀπολώ-

170 2545 321 2596 λεκαςς
356 2541 455 2589 ἇντῑ
479 2540 742 2603 Σωκράτους
762 2547 837 2586 καὶ
858 2545 1094 2599 Διογένους
1115 2542 1396 2601 τεθαύμακας
1425 2544 1506 2589 τὸν
1533 2547 1751 2599 πλείστας

172 2613 437 2674 διαφθεῖραι
475 2618 549 2658 καὶ
591 2610 834 2658 ἀναπεῖσαι
875 2611 1123 2671 δυνάμενον
1129 2631 1146 2666 ‚-
1190 2613 1491 2674 coniungitur
1531 2614 1616 2664 hoc
1652 2618 1749 2666 loco

170 2685 354 2729 Euenus
377 2676 478 2729 cum
504 2683 713 2738 Aristide,
744 2683 1016 2729 Milesiarum
1038 2684 1277 2743 scriptore,
1311 2685 1388 2745 qui
1411 2692 1502 2732 tam
1527 2687 1750 2750 impudica

171 2754 371 2815 scripsit,
405 2760 456 2798 ut
479 2753 669 2799 Ouidius
692 2752 749 2799 de
771 2761 830 2799 eo'
848 2751 989 2800 dicat:

188 2948 203 2952 ,
228 2913 264 2961 *)
284 2914 477 2956 Eunomus
496 2913 584 2965 ille,
611 2913 662 2954 ad
681 2928 796 2970 quem
816 2916 968 2957 Euenus
983 2915 1169 2967 Ἐρωτικαὶ
1187 2918 1360 2974 scripsit,
1389 2921 1477 2975 quis
1496 2919 1630 2972 fuerit,
1658 2921 1749 2964 latet

286 2986 367 3014 nos.
405 2974 574 3022 Fortasse
592 2973 671 3015 eius
689 2988 824 3015 nomen
844 2977 980 3018 fictum
999 2985 1065 3028 est,
