1943 3223
320 336 509 392 νυμφίος
542 334 591 378 ἐκ
626 331 796 393 νύμφης
830 333 880 378 δὲ
912 333 1220 392 κικλιῆσκομαι,
1255 334 1303 378 ἐκ
1329 332 1382 378 δ’
1413 326 1671 396 Αφροὸιτης
1713 346 1735 368 ‘³

456 401 623 465 ’Ἁρεα,
658 408 733 448 καὶ
762 403 956 462 βωμούς
972 405 1165 464 ε’στεφον
1191 402 1468 465 ‘Hemonam

323 475 469 534 Θῆβαι
508 477 738 535 Τειρεσίην
774 474 926 531 έλεγόν
960 492 1097 529 ποτε,
1133 478 1215 521 νῦν
1250 473 1295 519 δ’
1332 477 1410 533 ἐμὲ
1445 477 1611 526 Χαλκὶς
1687 491 1690 494 “

455 546 537 606 τὴν
568 543 711 606 πάρος
745 545 797 590 ἐν
830 549 1006 606 μίτραις
1038 543 1263 605 berneiam?
1304 546 1379 592 ἐν
1378 545 1590 604 χλαμύδι.

177 626 391 672 Reiskius
423 628 506 673 hoc
538 642 717 673 carmen
739 627 803 672 in
844 627 1047 673 Tiresiae
1087 635 1277 672 statuam
1320 629 1532 696 scriptum
1577 628 1766 688 putauit,

178 697 256 742 sed
300 713 446 743 sermo
488 705 562 742 est
601 696 659 742 de
703 696 882 758 uirgine
924 700 1011 744 iam
1055 699 1152 742 uiro
1196 701 1397 753 matura,
1443 714 1583 759 quae,
1629 710 1783 758 quum·

177 767 223 811 in
253 767 455 812 cubiculo
487 768 574 812 iam
609 768 654 812 in
691 783 744 812 eo
776 775 931 823 esset,
954 776 1027 814 ut
1036 775 1204 812 uestem
1239 767 1507 828 deponeret,
1543 765 1688 813 subito
1721 770 1764 813 in

177 853 347 882 marem
379 853 475 882 sese
506 831 623 882 uidit
649 844 880 883 mutatam.
942 836 1173 884 Eiusmodi
1198 839 1410 884 miracula
1436 846 1621 885 narrant
1644 838 1764 883 Plin.

176 907 244 953 H.
269 908 331 953 N.
365 908 471 953 VII.
509 910 555 954 4.
582 912 629 955 3.
665 908 877 954 Antonin.
903 909 1098 955 Liberal.
1122 908 1279 955 XVII.
1312 909 1430 955 Gen.
1453 910 1623 955 *1X.·4.
1689 908 1766 964 ‘De

177 977 351 1037 hyaena
391 995 548 1024 sexum
582 987 784 1025 mutante
825 980 933 1024 dicit
974 980 1143 1025 Aelian.
1175 981 1242 1024 H.
1278 982 1364 1024 An.
1400 981 1438 1024 I.
1485 976 1768 1027 25.ὀῧκοῢν

176 1048 257 1093 τὸν
278 1050 456 1094 Καινέα
487 1054 563 1094 καὶ
594 1049 676 1095 τὸν
706 1051 944 1108 Τειρεσίαν
967 1047 1175 1109 ἀρχαίους
1197 1046 1401 1105 ἀπέδειξε
1423 1048 1475 1094 'vd
1502 1053 1612 1108 ζῶον
1635 1054 1766 1095 τοῦτο

178 1116 231 1163 οὗ
265 1118 474 1176 κόμποις,
510 1118 625 1165 άλλᾶ
658 1125 751 1171 τοῖς
787 1120 928 1179 ἔργοις
962 1118 1123 1170 αὗτοΐς.
1159 1145 1230 1153 —-
1264 1121 1342 1164 Vs.
1372 1125 1415 1165 1.
1452 1118 1482 1163 ἆ
1516 1124 1628 1164 ποτὲ
1666 1120 1765 1165 Pal.

176 1213 248 1223 —
283 1190 360 1235 Vs.
401 1196 448 1236 2.
492 1190 578 1236 σῦν
611 1188 836 1247 πεύκαις).
909 1190 1187 1250 Interpretes
1219 1189 1328 1234 baec
1367 1191 1504 1235 uerba
1539 1189 1676 1250 uulgo
1709 1190 1765 1247 aJd

176 1258 322 1317 γάμον
356 1268 617 1317 traxerunt,
664 1269 711 1306 et
750 1259 893 1319 γάμον
932 1262 1017 1306 σῦν
1056 1258 1237 1311 πεύκαις
1276 1260 1441 1304 dictum
1477 1267 1767 1320 putauerunt,
1850 1266 1859 1271 ‘

176 1345 315 1390 quum
358 1331 401 1375 in
453 1346 578 1377 more
620 1338 826 1377 ueterum
869 1332 1060 1391 positum
1103 1331 1281 1385 suisset,
1327 1341 1378 1375 ut
1420 1331 1464 1375 in
1508 1332 1764 1391 nuptiarum

176 1417 338 1462 pompa
372 1401 491 1446 faces
527 1400 864 1462 praeferrentur
898 1399 968 1462 *);
1021 1401 1098 1446 sed
1135 1402 1311 1446 obstare
1347 1401 1449 1446 huic
1484 1401 1767 1460 explicationi

175 1479 222 1517 et
256 1474 494 1517 uerborum
530 1469 811 1532 positionem,
845 1479 891 1517 et
924 1470 1184 1541 particulam
1218 1476 1292 1515 καὶ
1323 1470 1650 1530 quodammodo
1686 1472 1767 1517 ad-

175 1543 347 1587 uersari
385 1545 472 1587 iam
507 1542 734 1588 Iacobsius
768 1541 826 1587 ad
861 1524 1036 1587 Delect.
1074 1540 1208 1586 Anth.
1235 1544 1319 1586 Gr.
1356 1557 1400 1601 p.
1429 1544 1545 1589 433.
1581 1542 1767 1588 adnota-

176 1614 254 1657 uit.
315 1613 526 1668 Accedit,
549 1612 681 1672 quod
707 1614 846 1657 uerba
882 1611 1019 1670 γάμος
1055 1612 1141 1656 σῦν
1173 1610 1356 1661 πεύκαις
1383 1613 1646 1657 sententiam
1673 1612 1767 1658 lan-

173 1683 358 1743 guidam
398 1684 630 1743 praebent.
724 1683 876 1733 Quare
921 1684 1060 1727 uerba
1104 1681 1189 1726 σῦν
1229 1681 1411 1737 πεύκαις
1456 1682 1512 1727 ad
1556 1681 1767 1742 Κύπριδα

174 1754 316 1798 relata
353 1754 589 1813 locumque
625 1752 688 1796 sic
724 1752 997 1796 intellectum
1030 1751 1187 1795 uelim:
1226 1752 1357 1811 uirgo
1390 1761 1650 1812 propensam
1685 1753 1765 1797 sibi

173 1824 322 1868 facere
357 1822 566 1868 studebat
603 1823 854 1875 Venerem,
899 1837 995 1866 eam
1033 1821 1224 1876 scilicet,
1269 1837 1383 1882 quae
1418 1822 1485 1866 'est
1520 1822 1765 1867 omniaci—

172 1895 254 1939 bus
290 1893 354 1953 (i.
381 1910 422 1938 e.
456 1909 571 1954 quae
594 1885 834 1938 connubiis
849 1891 1065 1952 praeest.)
1137 1893 1289 1937 Venus
1318 1891 1610 1953 enim'aeque
1642 1898 1764 1938 amo-⁴

173 1981 245 2009 res
275 1973 321 2009 et
352 1964 572 2010 connubia
604 1970 779 2018 tuetur;
824 1963 983 2007 taedae
1015 1970 1161 2007 autem
1189 1963 1403 2022 imprimis
1428 1963 1470 2007 in
1497 1964 1763 2009 solemnibus

172 2035 427 2094 nuptiarum
467 2041 729 2079 cernuntur.
807 2034 934 2083 Quae
976 2033 1213 2093 explicatio
1258 2033 1439 2078 iuuatur
1480 2035 1765 2094 sequentibus

172 2106 321 2149 uerbis
362 2109 435 2148 καὶ
470 2103 611 2161 γάμον
646 2102 887 2161 εὖξαμένα,
941 2118 1081 2163 quae,
1135 2111 1306 2148 tantum
1350 2104 1500 2158 abest,
1556 2104 1761 2149 ut'idem

172 2175 428 2234 significent
464 2183 598 2233 atque
640 2176 777 2218 uerba
820 2174 1092 2230 ἵλασκομένα
1136 2172 1399 2237 παλάμῃσιν
1436 2173 1633 2233 ’κύπριδα
1677 2174 1764 2218 σῦν

171 2243 379 2299 πεύκαις,
426 2253 475 2289 ut
521 2245 630 2289 baec
675 2244 912 2304 explicent.
983 2244 1127 2304 Virgo
1162 2245 1308 2297 enim,
1355 2243 1459 2288 dnm
1495 2244 1760 2289 connubium
1821 2285 1827 2289 .

170 2318 318 2376 cupit,
355 2316 591 2376 propitiam
628 2315 706 2358 sibi
739 2315 885 2359 facere
908 2322 1097 2357 conatur
1122 2315 1370 2367 Venerem,
1407 2329 1520 2373 quae
1544 2301 1763 2359 connubio

171 2387 253 2446 ipsi
273 2393 463 2446 praeest.
489 2411 558 2418 ——
583 2387 659 2431 Vs.
675 2389 720 2430 3.
745 2382 980 2441 θαλάμων.
1008 2383 1107 2427 Pal.
1126 2382 1334 2443 θαλάμω.
1361 2383 1441 2428 Br.
1475 2385 1634 2439 Recte,
1661 2402 1760 2430 nam

171 2459 417 2502 sexcenties
453 2457 610 2502 literae
659 2473 686 2500 ν
730 2462 777 2499 et
825 2472 842 2496 ι
892 2454 1155 2499 commutari
1192 2454 1347 2499 solent.
1387 2479 1458 2486 —
1500 2455 1762 2517 Κουριδίους

228 2598 346 2645 ¹¹.)Cf
368 2614 399 2638 e.
421 2612 456 2638 c.
487 2599 596 2650 Quid
617 2600 775 2638 Metam.
798 2599 873 2639 IX.
898 2604 998 2640 722.

445 2657 625 2711 Coniugii
655 2665 866 2713 pactaeque
896 2663 1084 2710 exspectat
1112 2664 1285 2710 tempora
1314 2655 1456 2697 taedae.

288 2712 392 2753 Ibid.
414 2715 484 2754 IV.
508 2721 578 2756 60.

447 2772 633 2826 Tempore
661 2772 780 2813 creuit
809 2785 938 2820 amor3
970 2773 1098 2813 taedae
1117 2787 1276 2829 quoque
1296 2772 1376 2813 iure
1394 2773 1571 2823 coissent,

445 2829 522 2869 Sed
549 2839 697 2871 uetuere
724 2839 861 2885 patres.

286 2889 389 2929 Ibid.
423 2891 457 2929 Ι.
491 2890 590 2930 483.

446 2946 542 2997 Illa,
573 2946 677 2985 uelut
706 2946 845 2986 crimen
877 2945 1003 2986 taedas
1033 2960 1143 2986 exosa
1173 2947 1314 3001 iugales
1346 2953 1417 2986 etc.
