1943 3223
181 328 388 385 χιτῶνας)
444 324 516 369 De
551 324 595 368 ui
625 340 677 369 ac
706 325 1030 385 significatione
1066 326 1184 370 uocis
1217 325 1431 386 κουρίδιος
1467 323 1558 369 uid.
1587 323 1762 369 Buttm.

183 397 330 457 Legil.
361 395 481 455 Iakp.
516 399 598 442 31.
619 412 698 457 1ες.
759 396 974 456 Fortasse
1001 411 1119 442 uero
1144 397 1243 456 'hoc'
1269 396 1393 451 loco,
1428 404 1478 442 ut
1511 412 1583 457 ap.
1619 396 1762 440 Hom.

181 465 320 529 (fid-2,
331 465 510 511 XVIII.
545 467 697 527 279.)
731 465 863 527 κούρη
900 480 983 525 pro.
1017 465 1162 526 νύμφη
1196 467 1253 512 de
1288 482 1449 526 sponsa
1483 467 1650 511 dictum
1677 472 1764 522 est,

180 529 397 599 κουρίδιος
434 534 571 591 χιτών
617 544 785 598 uestem
832 533 1081 596 significat,
1141 554 1227 598 qua
1269 552 1429 597 sponsa
1480 535 1634 581 induta
1677 543 1764 593 est,

182 608 261 653 das
295 605 540 658 briiutliche
576 595 799 662 Gewand,
835 606 954 667 quod
990 622 1093 652 sane
1127 608 1317 667 exprimi
1348 608 1414 652 ita
1451 614 1625 667 poterat
1660 622 1763 666 pro-

182 679 279 738 pria
307 676 427 721 uocis
459 677 673 746 κουρίδιος
699 677 1024 743 significatione
1058 678 1249 741 integra,
1285 678 1387 739 quia
1424 677 1570 738 puella
1610 692 1764 721 recens

182 754 321 806 nupta
363 761 466 790 cum
510 762 668 816 sponso
711 747 755 791 in
800 738 1040 791 thalamum
1076 748 1245 792 intrans
1285 748 1387 792 licet
1422 746 1570 791 adhuc
1605 762 1765 805 sponsa

180 818 328 862 tamen
365 815 493 861 simul
531 832 645 870 uxor
680 815 767 864 dici
804 814 849 861 et
884 816 961 892 tali
1000 824 1121 862 ueste
1156 818 1220 862 uti
1256 825 1455 881 poterat,
1494 817 1614 878 quali
1652 831 1764 860 uxo-

181 903 253 933 res
290 887 475 932 nestitae
510 903 623 932 ssee
640 878 852 932 solebant.
886 912 957 920 ——-
997 887 1072 932 Vs.
1100 890 1144 934 4.
1180 885 1362 945 τύπους)
1398 888 1453 933 cs.
1486 887 1628 948 Orph.
1665 886 1764 947 (ap.

180 958 326 1003 Clem.
362 949 490 1017 Alex.
527 973 570 1017 Ρ.
597 955 700 1018 17)
736 958 837 1017 fg't
858 957 987 1002 XVI.
1023 974 1065 1016 p.
1099 960 1212 1004 475.
1250 955 1306 1023 ὥς
1341 959 1533 1003 εἰποῦσα
1567 959 1766 1008 πέπλους

180 1014 430 1088 ἆνέσυρατο
474 1024 592 1082 δεῖξέ
633 1044 682 1073 τε
724 1026 876 1073 πάντα
921 1024 1135 1084 Σῶματος
1182 1023 1278 1074 ου’τι
1328 1031 1563 1088 πρέποντα
1604 1026 1762 1073 τύπον.

180 1099 328 1143 Lusus
367 1099 411 1142 in
448 1091 604 1158 Priap.
638 1090 836 1143 LXVII.
881 1094 1041 1158 ἀνδρὸς
1073 1096 1239 1148 τύπους
1282 1106 1431 1142 notam
1468 1098 1642 1142 uirilem
1685 1113 1786 1150 uo-r

177 1175 296 1213 cant.
344 1191 407 1203 -·-
452 1166 741 1226 ἐξελόχευσα)
796 1168 940 1223 edidi,
993 1168 1117 1213 uelut
1161 1168 1304 1228 Orph.
1352 1170 1464 1228 Arg.
1512 1170 1593 1215 43.
1645 1167 1766 1227 ἵερόν

178 1237 311 1295 λόγον
344 1237 646 1294 ἐξελόχευσα.’ῑ
683 1238 797 1283 lbid.
824 1243 941 1285 263.
978 1236 1070 1284 ἀπὸ
1107 1242 1313 1297 στηθέων
1347 1238 1440 1284 ὅπα
1475 1239 1640 1299 λείριον
1667 1239 1764 1293 :33⁸-

178 1308 386 1365 λόχευσα.
415 1335 479 1343 -—
516 1310 593 1355 Vs.
622 1313 667 1357 5.
698 1307 958 1371 Ἀφροδίτης
993 1325 1081 1354 uox
1117 1310 1161 1354 in
1200 1310 1300 1355 Pal.
1336 1309 1485 1363 deest,
1519 1325 1651 1370 quam
1688 1310 1764 1355 Ia-

179 1377 355 1426 cobsius
381 1381 611 1425 Brunckio
647 1389 890 1440 praeeunte
924 1395 978 1425 ex
1016 1381 1207 1440 antiquis
1231 1378 1499 1426 editionibus
1522 1380 1764 1439 suppleuit.

178 1474 247 1484 ——
282 1451 330 1495 ἐκ
352 1447 425 1494 ”’ὃ
448 1448 710 1520 Ἀφροὸίτης
742 1451 770 1494 i.
806 1466 849 1510 q.
885 1451 999 1509 μετὰ
1032 1451 1309 1511 Αφροὸίτης)
1356 1467 1394 1495 a
1417 1451 1595 1499 Venere
1631 1449 1765 1494 modo

178 1520 375 1565 adorata.
461 1522 605 1581 Virgo
653 1536 699 1566 se
751 1519 898 1565 cultu
922 1522 1095 1566 Veneri
1109 1521 1273 1567 adhuc
1315 1521 1513 1565 adhibito
1557 1519 1766 1565 abdicans

179 1590 523 1637 nunc-Martem
559 1598 617 1636 et
639 1592 915 1646 Herculem,
961 1589 1140 1636 uirtutis
1175 1592 1307 1647 deos,
1353 1592 1557 1636 uenerari
1594 1591 1763 1650 incipit.

180 1672 261 1695 -'-·
286 1662 361 1706 Vs.
399 1667 444 1707 7.
506 1661 736 1721 Τειρεσίην
774 1661 873 1706 Ρ31.
910 1675 991 1720 pro
1029 1655 1292 1721 Τειρεσίαν,
1342 1660 1765 1720 ιιῐἨοιιι.Ὀ<1γεε.

177 1730 265 1775 XI.
314 1736 396 1778 32.
447 1736 560 1778 139.
644 1732 715 1776 De
761 1732 935 1776 Tiresia
981 1731 1173 1776 fabulam
1220 1739 1403 1776 narrant
1448 1730 1640 1776 Antonin
1687 1730 1766 1774 Li·

176 1796 314 1846 berah
351 1801 457 1846 l.-'c.
495 1801 782 1861 Appollodor.
817 1803 909 1847 ΙΙΙ.
933 1832 936 1835 -
960 1803 1100 1848 6.’7.-
1142 1800 1347 1852 ζΗσίοδος
1389 1802 1443 1846 δέ
1479 1797 1642 1861 φησινᾼ
1697 1800 1767 1845 ὅτι

176 1870 460 1929 θεασάμενος
499 1871 604 1932 περὶ
647 1870 878 1931 Κυλλήνην
902 1888 904 1890 ’
926 1870 1052 1931 ὄφεις
1096 1871 1492 1926 συνουσιάζοντας,
1546 1877 1621 1916 καὶ
1664 1870 1765 1916 τού-

176 1941 278 1993 τους
311 1940 485 2003 τρώσας
494 1957 512 1996 ,’
538 1939 727 1998 ’ἐγένετο
763 1943 810 1996 ἐξ
842 1941 1006 2003 ’ἀνδρὸς
1039 1941 1166 2001 γυνή·
1212 1942 1351 1988 πάλιν
1386 1943 1436 1987 δὲ
1470 1943 1571 1994 τοῦς
1605 1939 1767 1994 αὐτοῦς

178 2011 302 2072 ὄφεις
337 2011 655 2072 παρατηρήσας
689 2011 1087 2067 συνουσιάζονταςρ
1125 2013 1303 2069 ἐγένετο,
1335 2010 1459 2073 ἀνήρ.
1531 2015 1668 2058 Hanc
1700 2013 1764 2057 fa—

175 2090 275 2130 cete
309 2082 426 2128 ridet
452 2084 689 2143 Menippus
720 2099 791 2142 ap.
822 2084 1008 2129 Lucian.
1039 2080 1157 2129 Diai'.
1177 2085 1325 2146 Deor.
1358 2084 1584 2129 XXVIII.
1619 2081 1763 2143 χρόνῳ

176 2156 226 2198 δέ
261 2166 337 2199 σοι
369 2151 394 2212 ἦ
429 2152 572 2214 μήτρα
604 2151 838 2212 ἠφανίσθη
844 2188 860 2207 ,
903 2159 978 2201 καὶ
1011 2154 1063 2198 τὸ
1098 2151 1257 2215 μόριον
1290 2156 1343 2200 τὸ
1377 2160 1623 2211 γυναικεῖον
1653 2151 1762 2199 ἄπε-

179 2223 350 2286 φρᾶγη,
386 2230 466 2269 καῖ’
496 2224 542 2270 οἵ
572 2228 749 2282 μασθοῑ
783 2224 1102 2284 α’πετάκησαν,
1147 2232 1221 2271 καὶ
1256 2227 1307 2272 τὸ
1344 2224 1550 2286 ἆνδρεῖον
1583 2222 1763 2284 ἆπεφῦη

177 2301 252 2340 καὶ
285 2295 481 2352 πώγωνα
518 2295 768 2355 ἐξήνεγκαςς
804 2295 830 2355 ἢ
865 2294 1022 2341 αὐτίκα
1056 2297 1103 2341 ἐκ
1138 2298 1338 2353 γυναικὸς
1373 2294 1482 2356 ἀνὴρ
1514 2293 1764 2354 ἆνεφᾶνηςς

177 2393 245 2400 --
281 2368 452 2422 χαλκος.
493 2367 592 2411 Ρ31.
627 2368 789 2422 χαλκὶς.
841 2367 1095 2413 Brunckius
1130 2368 1249 2412 haud
1286 2368 1417 2412 dubie
1454 2374 1574 2411 recte
1610 2382 1762 2410 emen-

176 2436 315 2482 dauit.
388 2438 554 2482 Thebis
588 2440 842 2497 opponitur⁴
863 2438 1064 2492 Chalcis,
1117 2439 1328 2483 Euboeae
1364 2438 1468 2481 urbs
1502 2435 1572 2496 ⁴),
1631 2451 1765 2496 quae,

177 2507 297 2566 quod
332 2508 435 2552 olim
474 2503 692 2552 Tiresiam
731 2524 905 2567 passum
942 2520 1037 2553 esse
1073 2509 1253 2552 Thebae
1291 2514 1606 2561 narranaam,
1643 2507 1764 2552 idem

177 2592 272 2621 esse
309 2592 427 2622 nunc
462 2578 686 2638 uirginem
723 2577 944 2637 quandam
981 2577 1278 2623 Chalcidicam
1321 2584 1554 2637 expertam
1593 2576 1766 2625 referre

175 2654 365 2707 poterat.
400 2674 471 2681 -
506 2648 648 2695 Vs.'8.
684 2652 854 2709 μίτρα
889 2649 1070 2703 uittam,
1105 2664 1192 2708 qua
1228 2648 1438 2693 mulieres
1472 2657 1609 2709 caput
1641 2649 1764 2694 redi-

174 2718 393 2808 miehant,
427 2716 643 2775 χλαμύς
677 2717 947 2821 epheborum
984 2725 1213 2781 gestamen
1248 2718 1489 2807 significat.

230 2879 267 2928 *3
285 2878 482 2921 Chalcidis
509 2888 645 2921 nomen
671 2881 796 2936 plures
824 2882 934 2923 urbes
961 2882 1145 2932 habuere,
1176 2897 1341 2939 quarum
1361 2883 1565 2924 clarissima
1586 2879 1658 2922 fuit
1678 2881 1763 2923 Eu-

270 2927 405 2980 Βόο3ε
414 2948 544 2994 caput.
574 2938 662 2982 Alia
678 2938 860 2983 Chalcis
849 2957 897 2982 1n·
906 2941 1055 2988 Aetolia
1073 2942 1122 2983 ad
1136 2941 1283 2983 flumen
1304 2943 1372 2983 Eu
1382 2958 1430 2983 en
1444 2958 1469 2982 u
1479 2955 1516 2980 m
1536 2943 1608 2983 sita
1623 2949 1712 2982 erat.
