1943 3223
127 371 646 434 uero‚.re}iquos'idecem
678 374 813 421 etiam
836 389 894 422 ex
914 374 1143 421 ‚comoedia
1169 373 1330 435 petitos
1352 390 1449 421 esse
1470 380 1601 423 extra
1626 372 1710 419 du-

125 446 381 497 bitationem
412 443 736 496 mihifuidet'ur
764 444 971 509 positum.
1034 446 1150 492 Sunt
1179 443 1388 505 quidem,
1429 446 1505 506 qui
1540 460 1618 491 eos
1651 460 1707 489 ex

123 515 314 566 Hesiodi
330 512 848 575 «οιιιιιιίιιεςῶποθῆκαις
880 515 1102 575 Χείρωνος
1142 515 1302 560 allatos
1332 516 1594 574 opinentur,
1629 514 1709 560 sed

123 588 207 635 hos
230 591 519 646 quantopere
530 595 711 634 errasse
730 584 932 631 iudicem
965 586 1041 630 uix
1075 601 1190 647 queo
1222 585 1386 632 dicere.
1446 586 1648 636 Quorum
1681 600 1709 630 a

123 663 251 719 parte
289 654 520 701 Schulzius
561 663 628 701 est
635 689 652 715 ,
698 654 774 717 qui
810 655 854 700 in
898 657 1289 705 commentatione
1301 656 1458 701 Museo
1490 655 1708 701 Rhenano

123 728 302 786 (1837.
314 727 370 772 V.
391 725 498 772 fasc.
510 728 563 772 ·.4
587 744 632 788 p.
651 732 767 775 600.
791 723 922 790 sq.)
907 741 1117 787 inspersa,
1150 727 1222 773 uel
1246 734 1339 773 tres
1362 726 1535 787 priores
1554 742 1709 771 uersus

122 796 373 853 Hesiodios
403 803 451 844 et
493 812 550 842 ex
582 793 837 857 ὑποθήκαις
878 797 1099 858 Χείρωνος
1140 805 1363 844 mutuatos
1407 797 1530 843 dicit.
1604 798 1709 843 Non

122 867 238 914 uidit
260 874 410 913 autem
420 893 440 922 ‚z
462 867 681 924 fabulam,
715 883 781 913 ex-
797 883 885 928 qua
909 866 1337 914 ductoszAthenaeus
1354 884 1430 913 eos
1447 868 1711 923 affirmauit,

122 937 397 992 Chironis
426 938 603 997 nomine
622 937 900 1000 inscriptam,
930 938 1120 984 Hesiodi
1145 954 1252 990 uero
1275 954 1453 983 carmen
1480 953 1708 997 nunquam

122 1007 421 1064 Chironis,
455 1007 532 1053 sed
558 1009 704 1068 potius
726 1023 782 1054 ex
802 1007 1062 1068 ¹argumenti
1087 1007 1234 1066 indole
1263 1006 1537 1070 (Χείρωνος)
1569 1005 1708 1054 ὑπο-

122 1078 310 1138 θηκῶν
357 1078 429 1135 nel
480 1079 884 1140 παραινέσεων
930 1077 1107 1130 nomine
1148 1072 1389 1123 indicatum
1432 1078 1591 1133 fuisse,
1647 1079 1709 1123 ita

123 1147 331 1209 quidem,
366 1155 418 1194 ut
449 1149 523 1194 uel
556 1148 763 1209 Chironis
794 1148 1019 1206 interdum
1045 1149 1254 1195 omissum
1277 1148 1348 1193 sit.
1419 1149 1493 1195 Sic
1519 1147 1709 1193 Hesiodi

120 1216 405 1279 ὓποθῆκαι
447 1220 651 1265 omisso
696 1221 921 1281 Χείρωνος
943 1215 1153 1280 genitiuo
1191 1219 1386 1265 citantur
1429 1236 1501 1279 ap.
1535 1218 1711 1278 Phryn.

121 1306 168 1351 p.
194 1294 275 1336 91.
300 1289 373 1335 ed.
400 1288 544 1335 Lobk.
576 1289 760 1337 Bachm.
786 1287 954 1336 Anecd.
975 1291 1048 1338 II.
1069 1293 1185 1338 385.
1230 1289 1418 1341 Quintil.
1443 1290 1553 1352 Inst.
1580 1289 1710 1334 Orat.

120 1360 162 1406 I.
193 1365 235 1406 1.
267 1364 344 1408 15.
411 1358 544 1412 Quod
579 1376 689 1406 uero
721 1360 779 1417 ad
811 1360 965 1406 decem
999 1362 1096 1407 illos
1129 1376 1285 1407 uersus
1316 1359 1500 1417 attinet,
1545 1360 1709 1405 iterum

120 1429 338 1484 Athenaei
373 1431 508 1477 uerba
540 1437 631 1494 tam
665 1431 795 1492 plana
829 1438 957 1487 sunt,
1000 1439 1052 1477 ut
1085 1430 1296 1477 machinis
1326 1430 1420 1476 sere
1451 1430 1710 1490 artibusque

121 1501 187 1562 uti
221 1501 374 1547 coacti,
396 1501 506 1560 sint,
543 1502 618 1562 qui
651 1502 708 1547 ad
740 1501 991 1556 Hesiodum
1015 1519 1090 1548 eos
1114 1502 1278 1556 relatos
1301 1501 1488 1559 malunt.
1560 1501 1711 1546 Tanta

120 1578 269 1617 tamen
300 1571 385 1627 suit
416 1571 609 1617 Schulzii
642 1573 894 1629 temeritas,
929 1579 980 1617 ut
1012 1588 1056 1632 p.
1085 1577 1201 1620 608.
1243 1571 1400 1617 decem
1429 1571 1529 1617 illos
1553 1586 1711 1617 uersus

121 1642 347 1688 Eoearum
369 1641 670 1703 fragmentum
695 1658 790 1688 esse
813 1642 1075 1698 affirmarat,
1099 1659 1156 1688 ex
1174 1658 1265 1703 quo
1286 1639 1530 1701 ὑποθηκῶν
1556 1657 1710 1687 uersus

120 1711 328 1775 (indicati
352 1712 383 1757 ii
407 1713 556 1763 uerbis
578 1712 636 1757 τά
656 1712 704 1757 δὲ
724 1710 818 1772 ἑξῆς
835 1711 928 1774 sq.)
952 1714 1151 1773 expressi
1171 1713 1273 1758 sint.
1321 1711 1411 1757 Sed
1423 1714 1528 1774 ¹quis
1547 1729 1710 1773 quaeso

121 1791 211 1839 est,
255 1784 332 1845 qui
366 1783 447 1829 sibi
482 1783 769 1845 persuadeat,
815 1783 859 1828 in
895 1784 1102 1830 Chironis
1135 1784 1511 1830 cohortationibus
1543 1783 1712 1844 aliquot

121 1853 348 1900 Eoearum
374 1869 528 1905 uersus
552 1871 634 1914 per
658 1853 885 1922 parodiam
911 1851 1145 1915 expressos
1168 1854 1335 1907 ruisse?
1405 1855 1515 1905 Quis
1545 1855 1710 1898 Hesio-

122 1924 228 1970 dum
253 1925 438 1970 alicuius
462 1925 671 1984 parodiae
693 1932 920 1970 auctorem
946 1925 1097 1971 dicat?
1146 1924 1237 1970 Sed
1256 1924 1456 1984 neglexit
1474 1923 1709 1969 Schulzius

121 1995 314 2056 primum
339 2011 492 2041 ueram
519 1996 643 2044 uerbi
667 1995 896 2054 παρῳόεΐν
918 1996 1304 2055 significationem,
1339 1994 1502 2039 deinde
1527 2010 1711 2054 prorsus

121 2052 357 2127 perperam
388 2065 608 2111 intellexit
640 2065 778 2125 ipsam
812 2062 1025 2111 Athenaei
1059 2065 1338 2111 sententiam.
1400 2064 1710 2126 Reprehendit

122 2152 232 2182 uero
264 2138 518 2183 Athenaeus
558 2136 764 2197 aequales
803 2143 988 2196 propter
1027 2136 1417 2197 inhospitalitatem
1461 2145 1507 2181 et
1546 2136 1709 2181 malam

122 2209 411 2261 conuiuarum
447 2207 781 2253 tractandorum
814 2207 1029 2253 rationem
1063 2207 1258 2270 dicitque
1282 2224 1357 2253 eos
1382 2198 1592 2253 memoria
1617 2223 1706 2252 non

122 2286 276 2326 tenere
300 2279 455 2326 uersus
480 2280 524 2323 in
548 2279 744 2323 Chirone
767 2279 994 2324 comoedia
1018 2278 1237 2339 prolatos,
1272 2278 1348 2324 sed
1377 2279 1442 2324 his
1465 2280 1560 2323 siue
1584 2278 1708 2322 Phe-

124 2351 308 2395 recratis
330 2351 426 2396 siue
454 2349 712 2395 Nicomachi
725 2349 769 2409 *)
794 2349 993 2394 uersibus
1017 2365 1199 2409 prorsus
1223 2345 1439 2410 neglectis
1462 2366 1512 2396 ea
1538 2348 1709 2394 discere

122 2436 354 2466 consuesse
379 2421 541 2476 uerba,
577 2436 691 2481 quae
714 2420 821 2465 istos
844 2427 936 2465 tres
961 2418 1263 2483 (superiores)
1286 2436 1440 2465 uersus
1464 2426 1710 2479 sequantur

124 2488 208 2551 (τὰ
231 2492 280 2538 δὲ
303 2490 396 2552 ἑξῆς
419 2488 593 2552 αὗτῶν)
617 2506 818 2551 quaeque
841 2492 989 2537 omnia
1013 2490 1070 2536 ad
1089 2490 1404 2537 Hesiodiorum
1425 2490 1707 2550 quorundam

124 2576 334 2609 uersuum
359 2563 647 2609 imitationem
672 2561 820 2608 efficta
844 2562 946 2608 sint.
994 2562 1111 2622 D‘ein
1130 2561 1255 2607 addit
1276 2561 1529 2607 Athenaeus
1552 2561 1706 2608 decem

123 2631 220 2679 illos
252 2650 433 2690 uersus,
468 2634 544 2694 qui
568 2635 673 2694 quin
707 2648 764 2678 ex
788 2625 945 2679 eadem
968 2633 1193 2679 comoedia
1217 2631 1340 2677 ducti
1364 2633 1453 2677 sint
1476 2633 1564 2678 iam
1591 2649 1709 2678 nunc

123 2710 307 2765 propter
332 2706 468 2751 uerba
491 2705 550 2750 τὰ
572 2704 621 2750 δὲ
644 2703 737 2765 ἑξῆς
759 2700 933 2760 αὐτῶν,
968 2703 1204 2764 praecipue
1236 2710 1421 2764 propter
1453 2706 1707 2765 genitiuum

123 2771 295 2831 αῧὲῶν,
331 2771 463 2836 quem
498 2770 585 2835 non
617 2789 743 2835 posse
775 2774 859 2820 nisi
893 2775 951 2821 ad
976 2782 1068 2818 tres
1090 2774 1342 2834 superiores
1367 2790 1523 2822 uersus
1548 2775 1706 2820 referri

181 2984 216 3031 *)
235 2985 317 3025 Vtri
338 2981 483 3028 Chiron
504 2987 702 3029 comoedia
723 2987 921 3030 tribuenda
941 2989 1012 3040 sit,
1043 2989 1139 3030 infra
1162 2988 1390 3030 uidebimus.
