<?xml version="1.0" encoding="UTF-8"?>
<!DOCTYPE html PUBLIC "-//W3C//DTD XHTML 1.0 Transitional//EN"
    "http://www.w3.org/TR/xhtml1/DTD/xhtml1-transitional.dtd">
<html xmlns="http://www.w3.org/1999/xhtml" xml:lang="en" lang="en">
 <head>
  <title>
</title>
<meta http-equiv="Content-Type" content="text/html;charset=utf-8" />
  <meta name='ocr-system' content='tesseract 3.04.00' />
  <meta name='ocr-capabilities' content='ocr_page ocr_carea ocr_par ocr_line ocrx_word'/>
</head>
<body>
  <div class='ocr_page' id='page_1' title='image "4737206_0052.png"; bbox 0 0 1943 3223; ppageno 0'>
   <div class='ocr_carea' id='block_1_1' title="bbox 876 215 971 264">
    <p class='ocr_par' dir='ltr' id='par_1_1' title="bbox 876 215 971 264">
     <span class='ocr_line' id='line_1_1' title="bbox 876 215 971 264; baseline 0 0"><span class='ocrx_word' id='word_1_1' title='bbox 876 215 971 264; x_wconf 75' lang='lat'><strong>4⁰</strong></span> 
     </span>
    </p>
   </div>
   <div class='ocr_carea' id='block_1_2' title="bbox 122 445 1763 1983">
    <p class='ocr_par' dir='ltr' id='par_1_2' title="bbox 127 445 1716 649">
     <span class='ocr_line' id='line_1_2' title="bbox 223 445 1716 508; baseline 0.001 -16"><span class='ocrx_word' id='word_1_2' title='bbox 223 448 419 508; x_wconf 82' lang='lat' dir='ltr'>Legitur</span> <span class='ocrx_word' id='word_1_3' title='bbox 452 447 558 493; x_wconf 89' lang='lat' dir='ltr'><strong>ibid.</strong></span> <span class='ocrx_word' id='word_1_4' title='bbox 591 464 633 507; x_wconf 90' lang='lat' dir='ltr'><strong>p.</strong></span> <span class='ocrx_word' id='word_1_5' title='bbox 663 450 780 495; x_wconf 76' lang='lat'><strong>476.</strong></span> <span class='ocrx_word' id='word_1_6' title='bbox 812 465 915 495; x_wconf 83' lang='lat' dir='ltr'><strong>oum</strong></span> <span class='ocrx_word' id='word_1_7' title='bbox 948 448 1156 495; x_wconf 82' lang='lat' dir='ltr'><strong>lemmate</strong></span> <span class='ocrx_word' id='word_1_8' title='bbox 1187 445 1367 494; x_wconf 78' lang='grc' dir='ltr'><strong>Εὖῖνου.</strong></span> <span class='ocrx_word' id='word_1_9' title='bbox 1415 449 1541 494; x_wconf 85' lang='lat' dir='ltr'><strong>Hinc</strong></span> <span class='ocrx_word' id='word_1_10' title='bbox 1574 456 1716 494; x_wconf 79' lang='lat' dir='ltr'><strong>trans-</strong></span> 
     </span>
     <span class='ocr_line' id='line_1_3' title="bbox 128 519 1715 579; baseline -0.001 -15"><span class='ocrx_word' id='word_1_11' title='bbox 128 519 345 578; x_wconf 81' lang='lat' dir='ltr'><strong>migrauit</strong></span> <span class='ocrx_word' id='word_1_12' title='bbox 379 519 423 564; x_wconf 93' lang='lat' dir='ltr'><strong>in</strong></span> <span class='ocrx_word' id='word_1_13' title='bbox 458 519 658 564; x_wconf 88' lang='lat' dir='ltr'><strong>Brunck.</strong></span> <span class='ocrx_word' id='word_1_14' title='bbox 692 522 782 564; x_wconf 87' lang='lat' dir='ltr'><strong>Gn.</strong></span> <span class='ocrx_word' id='word_1_15' title='bbox 808 523 892 564; x_wconf 87' lang='lat' dir='ltr'><strong>Gr.</strong></span> <span class='ocrx_word' id='word_1_16' title='bbox 927 521 965 565; x_wconf 90' lang='grc' dir='ltr'><strong>Ι.</strong></span> <span class='ocrx_word' id='word_1_17' title='bbox 1009 537 1052 579; x_wconf 90' lang='lat' dir='ltr'><strong>p.</strong></span> <span class='ocrx_word' id='word_1_18' title='bbox 1086 522 1196 566; x_wconf 86' lang='lat'><strong>165.</strong></span> <span class='ocrx_word' id='word_1_19' title='bbox 1230 535 1276 564; x_wconf 90' lang='lat' dir='ltr'><strong>n.</strong></span> <span class='ocrx_word' id='word_1_20' title='bbox 1307 524 1385 565; x_wconf 91' lang='grc'><strong>10.</strong></span> <span class='ocrx_word' id='word_1_21' title='bbox 1434 519 1561 563; x_wconf 65' lang='lat' dir='ltr'><strong>Anat.</strong></span> <span class='ocrx_word' id='word_1_22' title='bbox 1593 521 1632 564; x_wconf 92' lang='grc' dir='ltr'><strong>Ι.</strong></span> <span class='ocrx_word' id='word_1_23' title='bbox 1656 525 1715 565; x_wconf 66' lang='grc' dir='ltr'><strong>Δ1.</strong></span> 
     </span>
     <span class='ocr_line' id='line_1_4' title="bbox 127 588 1072 649; baseline 0 -14"><span class='ocrx_word' id='word_1_24' title='bbox 127 606 172 649; x_wconf 90' lang='lat' dir='ltr'><strong>p.</strong></span> <span class='ocrx_word' id='word_1_25' title='bbox 199 593 318 635; x_wconf 80' lang='lat'><strong>320.</strong></span> <span class='ocrx_word' id='word_1_26' title='bbox 355 591 524 636; x_wconf 80' lang='lat' dir='ltr'><strong>Jacobs.</strong></span> <span class='ocrx_word' id='word_1_27' title='bbox 548 588 685 634; x_wconf 80' lang='lat' dir='ltr'><strong>Anth.</strong></span> <span class='ocrx_word' id='word_1_28' title='bbox 715 589 815 635; x_wconf 82' lang='lat' dir='ltr'><strong>Pal.</strong></span> <span class='ocrx_word' id='word_1_29' title='bbox 840 590 935 636; x_wconf 75' lang='lat' dir='ltr'><strong>IX.</strong></span> <span class='ocrx_word' id='word_1_30' title='bbox 956 597 1072 637; x_wconf 85' lang='lat'><strong>717.</strong></span> 
     </span>
    </p>

    <p class='ocr_par' dir='ltr' id='par_1_3' title="bbox 128 658 1598 1002">
     <span class='ocr_line' id='line_1_5' title="bbox 260 658 1373 719; baseline 0 -15"><span class='ocrx_word' id='word_1_31' title='bbox 260 659 327 704; x_wconf 69' lang='lat' dir='ltr'><strong>”H</strong></span> <span class='ocrx_word' id='word_1_32' title='bbox 342 662 394 705; x_wconf 82' lang='grc' dir='ltr'><strong>τὸ</strong></span> <span class='ocrx_word' id='word_1_33' title='bbox 419 661 547 719; x_wconf 80' lang='grc' dir='ltr'><em>δέρας</em></span> <span class='ocrx_word' id='word_1_34' title='bbox 569 659 774 715; x_wconf 76' lang='grc' dir='ltr'><strong><em>χάλκειον</em></strong></span> <span class='ocrx_word' id='word_1_35' title='bbox 805 658 913 705; x_wconf 79' lang='grc' dir='ltr'><strong><em>ὅλον</em></strong></span> <span class='ocrx_word' id='word_1_36' title='bbox 934 664 1008 719; x_wconf 76' lang='grc' dir='ltr'><strong>βοῒ</strong></span> <span class='ocrx_word' id='word_1_37' title='bbox 1025 658 1129 718; x_wconf 77' lang='grc' dir='ltr'><em>τᾷδ’</em></span> <span class='ocrx_word' id='word_1_38' title='bbox 1154 660 1373 704; x_wconf 76' lang='grc' dir='ltr'><strong><em>ἔπικεΐται</em></strong></span> 
     </span>
     <span class='ocr_line' id='line_1_6' title="bbox 403 728 1369 793; baseline 0.001 -19"><span class='ocrx_word' id='word_1_39' title='bbox 403 728 615 786; x_wconf 76' lang='grc' dir='ltr'><strong><em>ἐκτόθεν,</em></strong></span> <span class='ocrx_word' id='word_1_40' title='bbox 652 728 678 790; x_wconf 74' lang='grc' dir='ltr'><em>ἢ</em></span> <span class='ocrx_word' id='word_1_41' title='bbox 701 728 853 793; x_wconf 80' lang='grc' dir='ltr'><em>ψύχην</em></span> <span class='ocrx_word' id='word_1_42' title='bbox 878 730 1008 777; x_wconf 75' lang='grc' dir='ltr'>ἔνδον</span> <span class='ocrx_word' id='word_1_43' title='bbox 1034 728 1059 776; x_wconf 81' lang='grc' dir='ltr'><em>ὃ</em></span> <span class='ocrx_word' id='word_1_44' title='bbox 1082 728 1241 786; x_wconf 79' lang='grc' dir='ltr'><em>χάλκος</em></span> <span class='ocrx_word' id='word_1_45' title='bbox 1266 729 1369 786; x_wconf 75' lang='grc' dir='ltr'><strong>ἔχει.</strong></span> 
     </span>
     <span class='ocr_line' id='line_1_7' title="bbox 128 801 582 845; baseline 0 -1"><span class='ocrx_word' id='word_1_46' title='bbox 128 801 314 845; x_wconf 85' lang='lat' dir='ltr'><strong>Grotius</strong></span> <span class='ocrx_word' id='word_1_47' title='bbox 338 801 400 844; x_wconf 87' lang='lat' dir='ltr'><strong>sic</strong></span> <span class='ocrx_word' id='word_1_48' title='bbox 424 801 582 845; x_wconf 87' lang='lat' dir='ltr'><strong>uertit:</strong></span> 
     </span>
     <span class='ocr_line' id='line_1_8' title="bbox 268 869 1395 931; baseline 0.002 -17"><span class='ocrx_word' id='word_1_49' title='bbox 268 873 359 914; x_wconf 86' lang='lat' dir='ltr'><strong>Aut</strong></span> <span class='ocrx_word' id='word_1_50' title='bbox 383 869 699 931; x_wconf 87' lang='lat' dir='ltr'><strong>superinducta</strong></span> <span class='ocrx_word' id='word_1_51' title='bbox 724 877 791 916; x_wconf 88' lang='lat' dir='ltr'><strong>est</strong></span> <span class='ocrx_word' id='word_1_52' title='bbox 815 870 887 916; x_wconf 84' lang='lat' dir='ltr'><strong>isti</strong></span> <span class='ocrx_word' id='word_1_53' title='bbox 911 871 1024 917; x_wconf 85' lang='lat' dir='ltr'><strong>cutis</strong></span> <span class='ocrx_word' id='word_1_54' title='bbox 1046 886 1185 917; x_wconf 86' lang='lat' dir='ltr'><strong>aenea</strong></span> <span class='ocrx_word' id='word_1_55' title='bbox 1210 887 1395 917; x_wconf 85' lang='lat' dir='ltr'><strong>uaccae:</strong></span> 
     </span>
     <span class='ocr_line' id='line_1_9' title="bbox 402 941 1598 1002; baseline -0.002 -17"><span class='ocrx_word' id='word_1_56' title='bbox 402 949 481 985; x_wconf 82' lang='lat' dir='ltr'><strong>aut</strong></span> <span class='ocrx_word' id='word_1_57' title='bbox 504 958 579 987; x_wconf 85' lang='lat' dir='ltr'><strong>aes</strong></span> <span class='ocrx_word' id='word_1_58' title='bbox 604 943 684 987; x_wconf 87' lang='lat' dir='ltr'><strong>hoc</strong></span> <span class='ocrx_word' id='word_1_59' title='bbox 708 942 926 996; x_wconf 84' lang='lat' dir='ltr'><strong>animam,</strong></span> <span class='ocrx_word' id='word_1_60' title='bbox 959 958 1073 1002; x_wconf 86' lang='lat' dir='ltr'><strong>quae</strong></span> <span class='ocrx_word' id='word_1_61' title='bbox 1099 949 1276 996; x_wconf 86' lang='lat' dir='ltr'><strong>mouet,</strong></span> <span class='ocrx_word' id='word_1_62' title='bbox 1312 943 1430 986; x_wconf 87' lang='lat' dir='ltr'><strong>intus</strong></span> <span class='ocrx_word' id='word_1_63' title='bbox 1454 941 1598 984; x_wconf 87' lang='lat' dir='ltr'><strong>habet.</strong></span> 
     </span>
    </p>

    <p class='ocr_par' dir='ltr' id='par_1_4' title="bbox 122 1010 1763 1703">
     <span class='ocr_line' id='line_1_10' title="bbox 221 1010 1763 1072; baseline 0 -18"><span class='ocrx_word' id='word_1_64' title='bbox 221 1010 490 1056; x_wconf 81' lang='lat' dir='ltr'><strong>Celebratur</strong></span> <span class='ocrx_word' id='word_1_65' title='bbox 513 1011 596 1057; x_wconf 82' lang='lat' dir='ltr'><strong>hoo</strong></span> <span class='ocrx_word' id='word_1_66' title='bbox 628 1019 677 1056; x_wconf 88' lang='lat' dir='ltr'><strong>ut</strong></span> <span class='ocrx_word' id='word_1_67' title='bbox 702 1013 905 1072; x_wconf 85' lang='lat' dir='ltr'><strong>sequenti</strong></span> <span class='ocrx_word' id='word_1_68' title='bbox 929 1012 1126 1058; x_wconf 80' lang='lat' dir='ltr'><strong>carmine</strong></span> <span class='ocrx_word' id='word_1_69' title='bbox 1151 1012 1391 1058; x_wconf 81' lang='lat' dir='ltr'><strong>clarissima</strong></span> <span class='ocrx_word' id='word_1_70' title='bbox 1417 1011 1491 1057; x_wconf 80' lang='lat' dir='ltr'><strong>illa</strong></span> <span class='ocrx_word' id='word_1_71' title='bbox 1515 1010 1718 1071; x_wconf 80' lang='lat' dir='ltr'><strong>Myronis</strong></span> <span class='ocrx_word' id='word_1_72' title='bbox 1755 1032 1763 1043; x_wconf 91' lang='lat'>-</span> 
     </span>
     <span class='ocr_line' id='line_1_11' title="bbox 125 1080 1718 1142; baseline 0 -18"><span class='ocrx_word' id='word_1_73' title='bbox 125 1080 304 1135; x_wconf 82' lang='lat' dir='ltr'><strong>bucu1a‚</strong></span> <span class='ocrx_word' id='word_1_74' title='bbox 334 1098 463 1141; x_wconf 87' lang='lat' dir='ltr'><strong>quam</strong></span> <span class='ocrx_word' id='word_1_75' title='bbox 491 1098 568 1126; x_wconf 88' lang='lat' dir='ltr'><strong>sex</strong></span> <span class='ocrx_word' id='word_1_76' title='bbox 593 1090 639 1127; x_wconf 89' lang='lat' dir='ltr'><strong>et</strong></span> <span class='ocrx_word' id='word_1_77' title='bbox 662 1083 849 1141; x_wconf 81' lang='lat' dir='ltr'><strong>triginta</strong></span> <span class='ocrx_word' id='word_1_78' title='bbox 874 1083 1341 1127; x_wconf 79' lang='lat' dir='ltr'><strong>excellentissimorum</strong></span> <span class='ocrx_word' id='word_1_79' title='bbox 1370 1080 1598 1142; x_wconf 84' lang='lat' dir='ltr'><strong>poetarum</strong></span> <span class='ocrx_word' id='word_1_80' title='bbox 1624 1081 1718 1140; x_wconf 89' lang='lat' dir='ltr'><strong>epi-</strong></span> 
     </span>
     <span class='ocr_line' id='line_1_12' title="bbox 125 1151 1718 1212; baseline 0.001 -18"><span class='ocrx_word' id='word_1_81' title='bbox 125 1153 389 1209; x_wconf 85' lang='lat' dir='ltr'><strong>grammatis</strong></span> <span class='ocrx_word' id='word_1_82' title='bbox 422 1151 644 1211; x_wconf 80' lang='lat' dir='ltr'>(collectis</span> <span class='ocrx_word' id='word_1_83' title='bbox 676 1169 701 1196; x_wconf 86' lang='lat' dir='ltr'><strong>a</strong></span> <span class='ocrx_word' id='word_1_84' title='bbox 735 1153 983 1211; x_wconf 81' lang='lat' dir='ltr'><strong>Sonntagio</strong></span> <span class='ocrx_word' id='word_1_85' title='bbox 1015 1153 1059 1196; x_wconf 94' lang='lat' dir='ltr'><strong>in</strong></span> <span class='ocrx_word' id='word_1_86' title='bbox 1093 1153 1231 1206; x_wconf 86' lang='lat' dir='ltr'><strong>libro,</strong></span> <span class='ocrx_word' id='word_1_87' title='bbox 1267 1153 1343 1212; x_wconf 91' lang='lat' dir='ltr'><strong>qui</strong></span> <span class='ocrx_word' id='word_1_88' title='bbox 1367 1152 1604 1210; x_wconf 89' lang='lat' dir='ltr'><strong>inscriptus</strong></span> <span class='ocrx_word' id='word_1_89' title='bbox 1627 1157 1718 1195; x_wconf 82' lang='lat' dir='ltr'><strong>est:</strong></span> 
     </span>
     <span class='ocr_line' id='line_1_13' title="bbox 125 1220 1718 1282; baseline 0 -18"><span class='ocrx_word' id='word_1_90' title='bbox 125 1220 520 1281; x_wconf 83' lang='lat' dir='ltr'><strong>Unterhaltungen</strong></span> <span class='ocrx_word' id='word_1_91' title='bbox 541 1223 572 1266; x_wconf 85' lang='lat' dir='ltr'><strong>f.</strong></span> <span class='ocrx_word' id='word_1_92' title='bbox 590 1222 805 1268; x_wconf 85' lang='lat' dir='ltr'><strong>Freunde</strong></span> <span class='ocrx_word' id='word_1_93' title='bbox 825 1223 906 1267; x_wconf 94' lang='lat' dir='ltr'><strong>der</strong></span> <span class='ocrx_word' id='word_1_94' title='bbox 925 1223 1043 1267; x_wconf 85' lang='lat' dir='ltr'><strong>alten</strong></span> <span class='ocrx_word' id='word_1_95' title='bbox 1066 1223 1314 1277; x_wconf 86' lang='lat' dir='ltr'><strong>Literatur,</strong></span> <span class='ocrx_word' id='word_1_96' title='bbox 1341 1223 1378 1266; x_wconf 91' lang='grc' dir='ltr'><strong>Ι.</strong></span> <span class='ocrx_word' id='word_1_97' title='bbox 1397 1238 1440 1282; x_wconf 87' lang='lat' dir='ltr'><strong>p.</strong></span> <span class='ocrx_word' id='word_1_98' title='bbox 1459 1226 1571 1267; x_wconf 90' lang='grc'><strong>100.</strong></span> <span class='ocrx_word' id='word_1_99' title='bbox 1585 1220 1718 1280; x_wconf 80' lang='lat' dir='ltr'><strong>sq.&#39;‘))</strong></span> 
     </span>
     <span class='ocr_line' id='line_1_14' title="bbox 124 1290 1717 1353; baseline 0.001 -19"><span class='ocrx_word' id='word_1_100' title='bbox 124 1290 351 1336; x_wconf 84' lang='lat' dir='ltr'><strong>laudatam</strong></span> <span class='ocrx_word' id='word_1_101' title='bbox 395 1293 607 1352; x_wconf 85' lang='lat' dir='ltr'><strong>reperies.</strong></span> <span class='ocrx_word' id='word_1_102' title='bbox 629 1303 639 1306; x_wconf 78' lang='grc'><em>”</em></span> <span class='ocrx_word' id='word_1_103' title='bbox 688 1294 973 1353; x_wconf 83' lang='lat' dir='ltr'><strong>Scripserunt</strong></span> <span class='ocrx_word' id='word_1_104' title='bbox 1015 1310 1069 1339; x_wconf 90' lang='lat' dir='ltr'><strong>eo</strong></span> <span class='ocrx_word' id='word_1_105' title='bbox 1103 1293 1159 1338; x_wconf 86' lang='lat' dir='ltr'><strong>de</strong></span> <span class='ocrx_word' id='word_1_106' title='bbox 1195 1293 1383 1337; x_wconf 82' lang='lat' dir='ltr'><strong>artifieio</strong></span> <span class='ocrx_word' id='word_1_107' title='bbox 1426 1292 1717 1352; x_wconf 84' lang='lat' dir='ltr'><strong>Boettigerus</strong></span> 
     </span>
     <span class='ocr_line' id='line_1_15' title="bbox 123 1359 1718 1423; baseline 0.001 -19"><span class='ocrx_word' id='word_1_108' title='bbox 123 1359 549 1422; x_wconf 66' lang='lat' dir='ltr'><strong>(Andeutungetc.</strong></span> <span class='ocrx_word' id='word_1_109' title='bbox 586 1379 629 1422; x_wconf 89' lang='lat' dir='ltr'><strong>p.</strong></span> <span class='ocrx_word' id='word_1_110' title='bbox 662 1365 775 1409; x_wconf 83' lang='lat'><strong>144.</strong></span> <span class='ocrx_word' id='word_1_111' title='bbox 799 1363 900 1423; x_wconf 84' lang='lat' dir='ltr'><strong>sq.)</strong></span> <span class='ocrx_word' id='word_1_112' title='bbox 932 1370 978 1408; x_wconf 91' lang='lat' dir='ltr'><strong>et</strong></span> <span class='ocrx_word' id='word_1_113' title='bbox 1010 1363 1228 1408; x_wconf 85' lang='lat' dir='ltr'><strong>Goethius</strong></span> <span class='ocrx_word' id='word_1_114' title='bbox 1259 1361 1408 1423; x_wconf 82' lang='lat' dir='ltr'><strong>(iiber</strong></span> <span class='ocrx_word' id='word_1_115' title='bbox 1438 1363 1591 1406; x_wconf 86' lang='lat' dir='ltr'><strong>Kunst</strong></span> <span class='ocrx_word' id='word_1_116' title='bbox 1624 1361 1718 1406; x_wconf 92' lang='lat' dir='ltr'><strong>und</strong></span> 
     </span>
     <span class='ocr_line' id='line_1_16' title="bbox 122 1428 1717 1495; baseline 0.001 -20"><span class='ocrx_word' id='word_1_117' title='bbox 122 1431 377 1476; x_wconf 84' lang='lat' dir='ltr'><strong>Alterthum</strong></span> <span class='ocrx_word' id='word_1_118' title='bbox 411 1428 625 1495; x_wconf 62' lang='lat' dir='ltr'><strong>[sammtl.</strong></span> <span class='ocrx_word' id='word_1_119' title='bbox 648 1434 817 1477; x_wconf 90' lang='lat' dir='ltr'><strong>Werke</strong></span> <span class='ocrx_word' id='word_1_120' title='bbox 840 1433 928 1477; x_wconf 92' lang='lat' dir='ltr'><strong>Bd.</strong></span> <span class='ocrx_word' id='word_1_121' title='bbox 951 1438 1031 1492; x_wconf 80' lang='lat'><strong>39.</strong></span> <span class='ocrx_word' id='word_1_122' title='bbox 1057 1449 1101 1492; x_wconf 91' lang='lat' dir='ltr'><strong>p.</strong></span> <span class='ocrx_word' id='word_1_123' title='bbox 1123 1430 1315 1495; x_wconf 23' lang='lat' dir='ltr'><strong>280.]v).</strong></span> <span class='ocrx_word' id='word_1_124' title='bbox 1340 1458 1409 1466; x_wconf 90' lang='lat'>—</span> <span class='ocrx_word' id='word_1_125' title='bbox 1435 1433 1505 1477; x_wconf 88' lang='lat' dir='ltr'><strong>De</strong></span> <span class='ocrx_word' id='word_1_126' title='bbox 1525 1432 1717 1492; x_wconf 87' lang='lat' dir='ltr'><strong>Myrone</strong></span> 
     </span>
     <span class='ocr_line' id='line_1_17' title="bbox 122 1501 1718 1563; baseline 0.002 -19"><span class='ocrx_word' id='word_1_127' title='bbox 122 1501 219 1560; x_wconf 91' lang='lat' dir='ltr'><strong>ipso</strong></span> <span class='ocrx_word' id='word_1_128' title='bbox 253 1502 436 1561; x_wconf 88' lang='lat' dir='ltr'><strong>eiusque</strong></span> <span class='ocrx_word' id='word_1_129' title='bbox 468 1503 668 1547; x_wconf 89' lang='lat' dir='ltr'><strong>artificiis</strong></span> <span class='ocrx_word' id='word_1_130' title='bbox 694 1503 784 1547; x_wconf 92' lang='lat' dir='ltr'><strong>uid.</strong></span> <span class='ocrx_word' id='word_1_131' title='bbox 809 1519 901 1563; x_wconf 86' lang='lat' dir='ltr'><strong>seq.</strong></span> <span class='ocrx_word' id='word_1_132' title='bbox 926 1519 1121 1548; x_wconf 83' lang='lat' dir='ltr'><strong>carmen.</strong></span> <span class='ocrx_word' id='word_1_133' title='bbox 1155 1529 1227 1538; x_wconf 86' lang='lat'><strong>--·</strong></span> <span class='ocrx_word' id='word_1_134' title='bbox 1258 1502 1406 1548; x_wconf 83' lang='lat' dir='ltr'><strong>Eueni</strong></span> <span class='ocrx_word' id='word_1_135' title='bbox 1435 1517 1590 1547; x_wconf 85' lang='lat' dir='ltr'><strong>uersus</strong></span> <span class='ocrx_word' id='word_1_136' title='bbox 1614 1509 1718 1547; x_wconf 86' lang='lat' dir='ltr'><strong>ante</strong></span> 
     </span>
     <span class='ocr_line' id='line_1_18' title="bbox 123 1570 1716 1635; baseline 0.001 -20"><span class='ocrx_word' id='word_1_137' title='bbox 123 1572 275 1615; x_wconf 80' lang='lat' dir='ltr'><strong>oculos</strong></span> <span class='ocrx_word' id='word_1_138' title='bbox 300 1573 501 1618; x_wconf 88' lang='lat' dir='ltr'><strong>habuisse</strong></span> <span class='ocrx_word' id='word_1_139' title='bbox 526 1573 707 1619; x_wconf 89' lang='lat' dir='ltr'><strong>uidetur</strong></span> <span class='ocrx_word' id='word_1_140' title='bbox 731 1574 974 1628; x_wconf 86' lang='lat' dir='ltr'><strong>Ausonius,</strong></span> <span class='ocrx_word' id='word_1_141' title='bbox 1009 1589 1110 1619; x_wconf 86' lang='lat' dir='ltr'><strong>cum</strong></span> <span class='ocrx_word' id='word_1_142' title='bbox 1136 1572 1350 1619; x_wconf 83' lang='lat' dir='ltr'><strong>scriberet</strong></span> <span class='ocrx_word' id='word_1_143' title='bbox 1375 1570 1564 1635; x_wconf 78' lang='lat' dir='ltr'><strong>(Epigr.</strong></span> <span class='ocrx_word' id='word_1_144' title='bbox 1588 1573 1716 1618; x_wconf 87' lang='lat' dir='ltr'><strong>LXI.</strong></span> 
     </span>
     <span class='ocr_line' id='line_1_19' title="bbox 123 1637 429 1703; baseline 0 -17"><span class='ocrx_word' id='word_1_145' title='bbox 123 1641 195 1686; x_wconf 85' lang='lat' dir='ltr'><strong>ed.</strong></span> <span class='ocrx_word' id='word_1_146' title='bbox 222 1642 369 1703; x_wconf 82' lang='lat' dir='ltr'><strong>Toll.)</strong></span> <span class='ocrx_word' id='word_1_147' title='bbox 423 1637 429 1642; x_wconf 55' lang='grc'><strong>”</strong></span> 
     </span>
    </p>

    <p class='ocr_par' dir='ltr' id='par_1_5' title="bbox 263 1712 1463 1842">
     <span class='ocr_line' id='line_1_20' title="bbox 263 1712 1463 1774; baseline 0.001 -17"><span class='ocrx_word' id='word_1_148' title='bbox 263 1714 412 1757; x_wconf 86' lang='lat' dir='ltr'><strong>Vbera</strong></span> <span class='ocrx_word' id='word_1_149' title='bbox 438 1712 547 1772; x_wconf 89' lang='lat' dir='ltr'><strong>quid</strong></span> <span class='ocrx_word' id='word_1_150' title='bbox 573 1713 720 1772; x_wconf 78' lang='lat' dir='ltr'><strong>pulsas</strong></span> <span class='ocrx_word' id='word_1_151' title='bbox 744 1713 956 1772; x_wconf 84' lang='lat' dir='ltr'><strong>frigentia</strong></span> <span class='ocrx_word' id='word_1_152' title='bbox 981 1714 1134 1758; x_wconf 88' lang='lat' dir='ltr'><strong>matris</strong></span> <span class='ocrx_word' id='word_1_153' title='bbox 1157 1713 1339 1767; x_wconf 84' lang='lat' dir='ltr'><strong>ahenae,</strong></span> <span class='ocrx_word' id='word_1_154' title='bbox 1458 1771 1463 1774; x_wconf 16' lang='grc' dir='ltr'>ᾖ</span> 
     </span>
     <span class='ocr_line' id='line_1_21' title="bbox 403 1782 1410 1842; baseline 0 -15"><span class='ocrx_word' id='word_1_155' title='bbox 403 1784 444 1827; x_wconf 94' lang='grc' dir='ltr'><strong>Ο</strong></span> <span class='ocrx_word' id='word_1_156' title='bbox 470 1782 612 1827; x_wconf 86' lang='lat' dir='ltr'><strong>uitule</strong></span> <span class='ocrx_word' id='word_1_157' title='bbox 635 1789 682 1826; x_wconf 91' lang='lat' dir='ltr'><strong>et</strong></span> <span class='ocrx_word' id='word_1_158' title='bbox 705 1798 883 1827; x_wconf 87' lang='lat' dir='ltr'><strong>succum</strong></span> <span class='ocrx_word' id='word_1_159' title='bbox 911 1782 1035 1827; x_wconf 85' lang='lat' dir='ltr'><strong>lactis</strong></span> <span class='ocrx_word' id='word_1_160' title='bbox 1058 1783 1113 1826; x_wconf 90' lang='lat' dir='ltr'><strong>ab</strong></span> <span class='ocrx_word' id='word_1_161' title='bbox 1137 1798 1240 1827; x_wconf 88' lang='lat' dir='ltr'><strong>aere</strong></span> <span class='ocrx_word' id='word_1_162' title='bbox 1264 1783 1410 1842; x_wconf 75' lang='lat' dir='ltr'><strong>petis?</strong></span> 
     </span>
    </p>

    <p class='ocr_par' dir='ltr' id='par_1_6' title="bbox 264 1853 1577 1983">
     <span class='ocr_line' id='line_1_22' title="bbox 264 1853 1577 1912; baseline 0 -15"><span class='ocrx_word' id='word_1_163' title='bbox 264 1853 405 1898; x_wconf 86' lang='lat' dir='ltr'><strong>Hunc</strong></span> <span class='ocrx_word' id='word_1_164' title='bbox 430 1866 608 1912; x_wconf 89' lang='lat' dir='ltr'><strong>quoque</strong></span> <span class='ocrx_word' id='word_1_165' title='bbox 632 1859 928 1912; x_wconf 83' lang='lat' dir='ltr'><strong>praestarem:</strong></span> <span class='ocrx_word' id='word_1_166' title='bbox 962 1853 997 1896; x_wconf 91' lang='lat' dir='ltr'><strong>si</strong></span> <span class='ocrx_word' id='word_1_167' title='bbox 1029 1868 1099 1897; x_wconf 86' lang='lat' dir='ltr'><strong>me</strong></span> <span class='ocrx_word' id='word_1_168' title='bbox 1124 1868 1204 1912; x_wconf 90' lang='lat' dir='ltr'><strong>pro</strong></span> <span class='ocrx_word' id='word_1_169' title='bbox 1229 1859 1356 1912; x_wconf 88' lang='lat' dir='ltr'><strong>parte</strong></span> <span class='ocrx_word' id='word_1_170' title='bbox 1380 1859 1577 1912; x_wconf 86' lang='lat' dir='ltr'><strong>parasset</strong></span> 
     </span>
     <span class='ocr_line' id='line_1_23' title="bbox 400 1923 1256 1983; baseline -0.001 -15"><span class='ocrx_word' id='word_1_171' title='bbox 400 1923 643 1968; x_wconf 86' lang='lat' dir='ltr'><strong>Exteriore</strong></span> <span class='ocrx_word' id='word_1_172' title='bbox 667 1924 856 1983; x_wconf 82' lang='lat' dir='ltr'><strong>Myron,</strong></span> <span class='ocrx_word' id='word_1_173' title='bbox 893 1923 1106 1969; x_wconf 88' lang='lat' dir='ltr'><strong>interiore</strong></span> <span class='ocrx_word' id='word_1_174' title='bbox 1135 1923 1256 1968; x_wconf 89' lang='lat' dir='ltr'><strong>deus.</strong></span> 
     </span>
    </p>
   </div>
   <div class='ocr_carea' id='block_1_3' title="bbox 894 2036 946 2084">
    <p class='ocr_par' dir='ltr' id='par_1_7' title="bbox 894 2036 946 2084">
     <span class='ocr_line' id='line_1_24' title="bbox 894 2036 946 2084; baseline 0 0"><span class='ocrx_word' id='word_1_175' title='bbox 894 2036 946 2084; x_wconf 92' lang='lat'><strong>8.</strong></span> 
     </span>
    </p>
   </div>
   <div class='ocr_carea' id='block_1_4' title="bbox 122 2131 1717 2744">
    <p class='ocr_par' dir='ltr' id='par_1_8' title="bbox 122 2131 1713 2320">
     <span class='ocr_line' id='line_1_25' title="bbox 215 2131 1713 2182; baseline 0.001 -4"><span class='ocrx_word' id='word_1_176' title='bbox 215 2136 358 2179; x_wconf 87' lang='lat' dir='ltr'><strong>Extat</strong></span> <span class='ocrx_word' id='word_1_177' title='bbox 383 2133 489 2178; x_wconf 89' lang='lat' dir='ltr'><strong>ibid.</strong></span> <span class='ocrx_word' id='word_1_178' title='bbox 512 2150 613 2178; x_wconf 85' lang='lat' dir='ltr'><strong>cum</strong></span> <span class='ocrx_word' id='word_1_179' title='bbox 641 2134 848 2179; x_wconf 86' lang='lat' dir='ltr'><strong>lemmate</strong></span> <span class='ocrx_word' id='word_1_180' title='bbox 871 2137 952 2179; x_wconf 81' lang='grc' dir='ltr'><strong>τοῦ</strong></span> <span class='ocrx_word' id='word_1_181' title='bbox 975 2131 1128 2179; x_wconf 71' lang='grc' dir='ltr'><strong>αὐτοῦ.</strong></span> <span class='ocrx_word' id='word_1_182' title='bbox 1200 2132 1314 2178; x_wconf 82' lang='lat' dir='ltr'><strong>Inde</strong></span> <span class='ocrx_word' id='word_1_183' title='bbox 1337 2134 1444 2178; x_wconf 88' lang='lat' dir='ltr'><strong>abiit</strong></span> <span class='ocrx_word' id='word_1_184' title='bbox 1468 2134 1512 2177; x_wconf 90' lang='lat' dir='ltr'><strong>in</strong></span> <span class='ocrx_word' id='word_1_185' title='bbox 1539 2134 1713 2182; x_wconf 89' lang='lat' dir='ltr'><strong>Brunk.</strong></span> 
     </span>
     <span class='ocr_line' id='line_1_26' title="bbox 122 2202 1712 2263; baseline 0.001 -14"><span class='ocrx_word' id='word_1_186' title='bbox 122 2206 213 2249; x_wconf 85' lang='lat' dir='ltr'><strong>Gn.</strong></span> <span class='ocrx_word' id='word_1_187' title='bbox 248 2208 331 2249; x_wconf 87' lang='lat' dir='ltr'><strong>Gr.</strong></span> <span class='ocrx_word' id='word_1_188' title='bbox 366 2205 405 2249; x_wconf 91' lang='lat' dir='ltr'><strong>I.</strong></span> <span class='ocrx_word' id='word_1_189' title='bbox 445 2220 489 2263; x_wconf 90' lang='lat' dir='ltr'><strong>p.</strong></span> <span class='ocrx_word' id='word_1_190' title='bbox 521 2208 632 2252; x_wconf 86' lang='lat'><strong>165.</strong></span> <span class='ocrx_word' id='word_1_191' title='bbox 668 2220 712 2249; x_wconf 91' lang='lat' dir='ltr'><strong>n.</strong></span> <span class='ocrx_word' id='word_1_192' title='bbox 754 2210 831 2249; x_wconf 89' lang='lat'><strong>11.</strong></span> <span class='ocrx_word' id='word_1_193' title='bbox 866 2202 950 2249; x_wconf 77' lang='lat' dir='ltr'><strong>An.</strong></span> <span class='ocrx_word' id='word_1_194' title='bbox 985 2205 1022 2249; x_wconf 95' lang='grc' dir='ltr'><strong>Ι.</strong></span> <span class='ocrx_word' id='word_1_195' title='bbox 1064 2210 1106 2250; x_wconf 92' lang='lat'><strong>1.</strong></span> <span class='ocrx_word' id='word_1_196' title='bbox 1140 2220 1183 2263; x_wconf 88' lang='lat' dir='ltr'><strong>p.</strong></span> <span class='ocrx_word' id='word_1_197' title='bbox 1211 2208 1328 2250; x_wconf 79' lang='lat'><strong>323.</strong></span> <span class='ocrx_word' id='word_1_198' title='bbox 1373 2205 1544 2249; x_wconf 84' lang='lat' dir='ltr'><strong>Iacobs.</strong></span> <span class='ocrx_word' id='word_1_199' title='bbox 1580 2205 1712 2250; x_wconf 87' lang='lat' dir='ltr'><strong>Anth.</strong></span> 
     </span>
     <span class='ocr_line' id='line_1_27' title="bbox 123 2275 496 2320; baseline -0.003 -2"><span class='ocrx_word' id='word_1_200' title='bbox 123 2275 224 2319; x_wconf 87' lang='lat' dir='ltr'><strong>Pal.</strong></span> <span class='ocrx_word' id='word_1_201' title='bbox 250 2276 338 2318; x_wconf 85' lang='lat' dir='ltr'><strong>IX.</strong></span> <span class='ocrx_word' id='word_1_202' title='bbox 380 2280 496 2320; x_wconf 90' lang='grc'><strong>718.</strong></span> 
     </span>
    </p>

    <p class='ocr_par' dir='ltr' id='par_1_9' title="bbox 122 2340 1717 2744">
     <span class='ocr_line' id='line_1_28' title="bbox 264 2340 1552 2405; baseline 0 -15"><span class='ocrx_word' id='word_1_203' title='bbox 264 2342 409 2396; x_wconf 80' lang='grc' dir='ltr'><strong><em>Αὗτός</em></strong></span> <span class='ocrx_word' id='word_1_204' title='bbox 432 2344 528 2405; x_wconf 74' lang='grc' dir='ltr'><strong><em>ἐρεῖ</em></strong></span> <span class='ocrx_word' id='word_1_205' title='bbox 545 2342 662 2399; x_wconf 78' lang='grc' dir='ltr'><em>τάχα</em></span> <span class='ocrx_word' id='word_1_206' title='bbox 685 2346 816 2389; x_wconf 79' lang='grc' dir='ltr'><strong><em>τοῦτο</em></strong></span> <span class='ocrx_word' id='word_1_207' title='bbox 841 2342 1039 2404; x_wconf 83' lang='grc' dir='ltr'><strong><em>Μύρων·</em></strong></span> <span class='ocrx_word' id='word_1_208' title='bbox 1077 2340 1155 2388; x_wconf 79' lang='grc' dir='ltr'><strong>οὔκ</strong></span> <span class='ocrx_word' id='word_1_209' title='bbox 1179 2343 1358 2388; x_wconf 73' lang='grc' dir='ltr'><em>ἔπλασα</em></span> <span class='ocrx_word' id='word_1_210' title='bbox 1381 2341 1552 2390; x_wconf 83' lang='grc' dir='ltr'><strong><em>ταύταν</em></strong></span> 
     </span>
     <span class='ocr_line' id='line_1_29' title="bbox 398 2411 1507 2473; baseline -0.001 -13"><span class='ocrx_word' id='word_1_211' title='bbox 398 2416 486 2460; x_wconf 78' lang='grc' dir='ltr'><strong>τάν</strong></span> <span class='ocrx_word' id='word_1_212' title='bbox 509 2413 719 2472; x_wconf 78' lang='grc' dir='ltr'><em>δάμαλιν,</em></span> <span class='ocrx_word' id='word_1_213' title='bbox 749 2412 914 2464; x_wconf 79' lang='grc' dir='ltr'><strong><em>ταύτας</em></strong></span> <span class='ocrx_word' id='word_1_214' title='bbox 938 2412 985 2458; x_wconf 75' lang='grc' dir='ltr'><strong>δ’</strong></span> <span class='ocrx_word' id='word_1_215' title='bbox 1010 2411 1145 2459; x_wconf 69' lang='grc' dir='ltr'><strong><em>εἰκόν’</em></strong></span> <span class='ocrx_word' id='word_1_216' title='bbox 1171 2411 1507 2473; x_wconf 79' lang='grc' dir='ltr'><strong>ἇνεπλασᾶμην.</strong></span> 
     </span>
     <span class='ocr_line' id='line_1_30' title="bbox 122 2485 1717 2546; baseline 0 -15"><span class='ocrx_word' id='word_1_217' title='bbox 122 2488 294 2538; x_wconf 82' lang='lat' dir='ltr'><strong>Quibus</strong></span> <span class='ocrx_word' id='word_1_218' title='bbox 312 2487 461 2533; x_wconf 89' lang='lat' dir='ltr'><strong>uerbis</strong></span> <span class='ocrx_word' id='word_1_219' title='bbox 480 2485 833 2531; x_wconf 60' lang='lat' dir='ltr'><strong>haeasententia</strong></span> <span class='ocrx_word' id='word_1_220' title='bbox 861 2485 994 2529; x_wconf 88' lang='lat' dir='ltr'><strong>inest:</strong></span> <span class='ocrx_word' id='word_1_221' title='bbox 1030 2485 1171 2544; x_wconf 88' lang='lat' dir='ltr'><strong>ipsum</strong></span> <span class='ocrx_word' id='word_1_222' title='bbox 1195 2485 1427 2544; x_wconf 87' lang='lat' dir='ltr'><strong>Myronem</strong></span> <span class='ocrx_word' id='word_1_223' title='bbox 1448 2501 1550 2529; x_wconf 89' lang='lat' dir='ltr'><strong>mox</strong></span> <span class='ocrx_word' id='word_1_224' title='bbox 1569 2488 1717 2546; x_wconf 89' lang='lat' dir='ltr'><strong>operis</strong></span> 
     </span>
     <span class='ocr_line' id='line_1_31' title="bbox 123 2555 1714 2617; baseline 0 -16"><span class='ocrx_word' id='word_1_225' title='bbox 123 2559 190 2601; x_wconf 89' lang='lat' dir='ltr'><strong>sui</strong></span> <span class='ocrx_word' id='word_1_226' title='bbox 224 2559 416 2603; x_wconf 87' lang='lat' dir='ltr'><strong>ueritate</strong></span> <span class='ocrx_word' id='word_1_227' title='bbox 451 2564 497 2602; x_wconf 89' lang='lat' dir='ltr'><strong>et</strong></span> <span class='ocrx_word' id='word_1_228' title='bbox 520 2555 823 2617; x_wconf 84' lang='lat' dir='ltr'><strong>pulcritudine</strong></span> <span class='ocrx_word' id='word_1_229' title='bbox 848 2555 1082 2614; x_wconf 82' lang='lat' dir='ltr'><strong>deceptum</strong></span> <span class='ocrx_word' id='word_1_230' title='bbox 1117 2556 1230 2600; x_wconf 83' lang='lat' dir='ltr'><strong>hanc</strong></span> <span class='ocrx_word' id='word_1_231' title='bbox 1254 2571 1374 2600; x_wconf 83' lang='lat' dir='ltr'><strong>suam</strong></span> <span class='ocrx_word' id='word_1_232' title='bbox 1402 2556 1606 2601; x_wconf 88' lang='lat' dir='ltr'><strong>buculam</strong></span> <span class='ocrx_word' id='word_1_233' title='bbox 1633 2574 1714 2617; x_wconf 92' lang='lat' dir='ltr'><strong>pro</strong></span> 
     </span>
     <span class='ocr_line' id='line_1_32' title="bbox 123 2625 1715 2688; baseline -0.001 -16"><span class='ocrx_word' id='word_1_234' title='bbox 123 2628 229 2672; x_wconf 93' lang='lat' dir='ltr'><strong>uiuo</strong></span> <span class='ocrx_word' id='word_1_235' title='bbox 255 2634 299 2672; x_wconf 85' lang='lat' dir='ltr'><strong>et</strong></span> <span class='ocrx_word' id='word_1_236' title='bbox 322 2628 519 2688; x_wconf 86' lang='lat' dir='ltr'><strong>spirante</strong></span> <span class='ocrx_word' id='word_1_237' title='bbox 543 2628 788 2687; x_wconf 85' lang='lat' dir='ltr'><strong>archetypo</strong></span> <span class='ocrx_word' id='word_1_238' title='bbox 812 2626 1066 2672; x_wconf 87' lang='lat' dir='ltr'><strong>habiturum</strong></span> <span class='ocrx_word' id='word_1_239' title='bbox 1091 2642 1202 2681; x_wconf 87' lang='lat' dir='ltr'><strong>esse,</strong></span> <span class='ocrx_word' id='word_1_240' title='bbox 1230 2625 1288 2670; x_wconf 87' lang='lat' dir='ltr'><strong>ad</strong></span> <span class='ocrx_word' id='word_1_241' title='bbox 1313 2627 1438 2671; x_wconf 88' lang='lat' dir='ltr'><strong>cuius</strong></span> <span class='ocrx_word' id='word_1_242' title='bbox 1462 2627 1715 2673; x_wconf 83' lang='lat' dir='ltr'><strong>similitudi-</strong></span> 
     </span>
     <span class='ocr_line' id='line_1_33' title="bbox 122 2697 1714 2744; baseline -0.001 -2"><span class='ocrx_word' id='word_1_243' title='bbox 122 2715 226 2743; x_wconf 91' lang='lat' dir='ltr'><strong>nem</strong></span> <span class='ocrx_word' id='word_1_244' title='bbox 258 2713 443 2744; x_wconf 85' lang='lat' dir='ltr'><strong>aeneum</strong></span> <span class='ocrx_word' id='word_1_245' title='bbox 476 2699 761 2744; x_wconf 87' lang='lat' dir='ltr'><strong>simulacrum</strong></span> <span class='ocrx_word' id='word_1_246' title='bbox 797 2697 993 2742; x_wconf 87' lang='lat' dir='ltr'><strong>finxerit.</strong></span> <span class='ocrx_word' id='word_1_247' title='bbox 1042 2723 1112 2730; x_wconf 91' lang='lat'><strong>-—</strong></span> <span class='ocrx_word' id='word_1_248' title='bbox 1156 2698 1343 2741; x_wconf 80' lang='lat' dir='ltr'><strong>Grotius</strong></span> <span class='ocrx_word' id='word_1_249' title='bbox 1376 2698 1525 2742; x_wconf 93' lang='lat' dir='ltr'><strong>Eueni</strong></span> <span class='ocrx_word' id='word_1_250' title='bbox 1559 2713 1714 2743; x_wconf 89' lang='lat' dir='ltr'><strong>uersus</strong></span> 
     </span>
    </p>
   </div>
   <div class='ocr_carea' id='block_1_5' title="bbox 125 2767 639 2829">
    <p class='ocr_par' dir='ltr' id='par_1_10' title="bbox 125 2767 639 2829">
     <span class='ocr_line' id='line_1_34' title="bbox 125 2767 639 2829; baseline -0.002 -14"><span class='ocrx_word' id='word_1_251' title='bbox 125 2769 290 2815; x_wconf 85' lang='lat' dir='ltr'><strong>Latine</strong></span> <span class='ocrx_word' id='word_1_252' title='bbox 316 2767 379 2813; x_wconf 87' lang='lat' dir='ltr'><strong>sic</strong></span> <span class='ocrx_word' id='word_1_253' title='bbox 402 2769 639 2829; x_wconf 80' lang='lat' dir='ltr'><strong>expressit:</strong></span> 
     </span>
    </p>
   </div>
   <div class='ocr_carea' id='block_1_6' title="bbox 181 2927 1712 3032">
    <p class='ocr_par' dir='ltr' id='par_1_11' title="bbox 181 2927 1712 3032">
     <span class='ocr_line' id='line_1_35' title="bbox 181 2927 1712 2984; baseline -0.001 -14"><span class='ocrx_word' id='word_1_254' title='bbox 181 2933 216 2979; x_wconf 85' lang='lat'><strong>*)</strong></span> <span class='ocrx_word' id='word_1_255' title='bbox 236 2930 408 2984; x_wconf 84' lang='lat' dir='ltr'><strong>Triginta</strong></span> <span class='ocrx_word' id='word_1_256' title='bbox 443 2944 574 2983; x_wconf 85' lang='lat' dir='ltr'><strong>graeca</strong></span> <span class='ocrx_word' id='word_1_257' title='bbox 609 2928 647 2967; x_wconf 88' lang='lat' dir='ltr'><strong>in</strong></span> <span class='ocrx_word' id='word_1_258' title='bbox 682 2945 762 2970; x_wconf 80' lang='lat' dir='ltr'><strong>eam</strong></span> <span class='ocrx_word' id='word_1_259' title='bbox 799 2929 1070 2983; x_wconf 77' lang='lat' dir='ltr'><strong>epigrammata</strong></span> <span class='ocrx_word' id='word_1_260' title='bbox 1106 2930 1268 2970; x_wconf 84' lang='lat' dir='ltr'><strong>inuenies</strong></span> <span class='ocrx_word' id='word_1_261' title='bbox 1303 2931 1341 2968; x_wconf 90' lang='lat' dir='ltr'><strong>in</strong></span> <span class='ocrx_word' id='word_1_262' title='bbox 1376 2927 1502 2969; x_wconf 67' lang='lat' dir='ltr'><strong>Anth.</strong></span> <span class='ocrx_word' id='word_1_263' title='bbox 1535 2929 1712 2970; x_wconf 82' lang='lat' dir='ltr'><strong>Pal.1x.</strong></span> 
     </span>
     <span class='ocr_line' id='line_1_36' title="bbox 241 2990 537 3032; baseline 0.003 -5"><span class='ocrx_word' id='word_1_264' title='bbox 241 3003 277 3028; x_wconf 93' lang='lat' dir='ltr'><strong>n.</strong></span> <span class='ocrx_word' id='word_1_265' title='bbox 312 2990 537 3032; x_wconf 79' lang='grc'><strong>713-741.</strong></span> 
     </span>
    </p>
   </div>
  </div>
 </body>
</html>
