1943 3223
198 367 260 411 At
282 380 420 421 uero,
462 364 698 425 quominus
728 362 774 409 hi
810 378 965 412 uersus
990 364 1152 426 Eueno
1182 364 1541 422 adiudioeutur,
1536 364 1788 426 prohibere
1862 417 1866 422 ,

198 436 380 482 uidetur
404 435 528 482 locus
547 434 779 489 Athenaei,
814 435 887 480 ubi
913 433 1005 480 duo
1027 451 1084 480 ex
1109 434 1194 480 illis
1218 436 1418 490 uersibus
1440 451 1544 487 cum
1567 437 1663 485 aliis
1680 451 1788 487 con·-

198 507 337 552 iuncti
370 506 588 568 leguntur
619 512 665 550 et
692 498 751 550 ad
773 504 912 551 alium
935 512 1162 552 auctorem
1189 505 1474 561 reseruntur,
1506 522 1647 565 quare
1670 501 1787 553 hunc'

198 577 418 623 Athenaei
442 579 604 629 locum,
628 590 765 636 quum
791 574 1036 635 paullulum
1061 575 1277 636 longioris
1300 576 1607 637 disputationis
1626 592 1789 636 oppor-

198 648 435 694 tunitatem
460 646 653 691 daturus.
671 646 744 700 sit,
772 646 1001 705 integrum
1026 646 1225 691 attulisse
1252 660 1338 691 non
1364 647 1620 707 poenitebit.
1667 647 1790 692 Scri·

198 718 265 763 bit
288 719 404 763 enim
420 716 675 763 Athenaeus
698 715 729 760 l.
750 715 888 761 VIII.
912 725 956 776 p.
977 717 1170 764 364.··A.'
1188 719 1193 725 ”
1209 715 1273 762 Οἱ
1293 717 1342 763 δὲ
1365 721 1447 764 νῦν
1468 715 1787 778 προςποιούμε-

200 805 271 834 νοι
292 792 418 839 θεοῖς
439 785 572 834 θύειν
593 791 668 831 καὶ
691 786 1009 844 συγκαλοῦντες
1030 786 1211 847 ἐπῐῇτῆν
1224 791 1396 835 θυσίαν
1418 789 1519 840 τοὺς
1537 790 1789 848 φίλουςνκαῑ

198 860 301 910 τούς
323 857 619 908 οἰκειοτάτους
641 861 923 918 καταρῶνται
954 862 1038 915 μὲν
1068 864 1161 910 τοῖς
1181 862 1373 914 τέκνοις,
1409 860 1716 920 λοιδοροῦνται
1740 860 1789 906 δὲ

199 936 296 980 ταῖς
319 936 505 986 γυναιξὶ,
539 929 850 989 καλαβρίζουσι
872 928 975 980 τοὺς
998 930 1184 984 οἰκέτας,
1218 927 1455 977 ἀπειλοῦσι
1477 936 1569 981 τοῖς
1590 931 1788 984 πολλοῖς,

197 1006 439 1057 μονονουχὶ
461 1000 514 1046 τὸ
537 1004 617 1045 τοῦ
642 997 839 1059 (Ομῆρου
860 1000 1079 1055 λέγοντες·

340 1071 444 1117 Νῦν
468 1068 513 1116 δ’
538 1067 724 1130 ἔρχεσθ’
755 1069 832 1114 ἐπὶ
855 1069 1058 1124 δεῖπνον,
1088 1072 1168 1116 ἵνα
1189 1068 1443 1128 ξυνάγωμεν
1468 1068 1609 1132 ’Ἀρηα

200 1141 279 1185 ἐπὶ
313 1146 422 1187 νοῦν
456 1159 506 1188 ου
541 1139 842 1198 λαμβάνοντες
873 1141 942 1184 τὰ
968 1142 1176 1201 εἰρημένα
1216 1138 1307 1187 ὖπὸ
1353 1144 1434 1186 τοῦ
1469 1142 1550 1186 τὸν
1584 1143 1791 1202 Χείρωνα

199 1210 494 1297 πεποιηκότος
526 1213 615 1257 εἶτε
654 1208 930 1273 Φερεκράτης
960 1211 1087 1298 ἐστὶν
1113 1213 1204 1258 είτε
1235 1210 1490 1270 Νικόμαχος
1523 1210 1548 1258 ὃ
1580 1212 1792 1274 ῥυθμικὸς

200 1280 228 1340 ἢ
264 1282 377 1334 ὅςτις
411 1282 464 1341 δή
495 1298 631 1328 ποτε·

339 1354 473 1413 Μηδὲ
497 1352 553 1399 σύ
576 1351 612 1410 γ’
636 1350 782 1414 ἄνδρα
804 1354 940 1412 φίλον
961 1353 1152 1404 καλέσας
1174 1353 1252 1399 ἐπὶ
1274 1353 1408 1398 δαῖτα
1430 1351 1624 1399 θάλειαν

340 1421 489 1479 α’χθου
514 1422 632 1483 ὃρῶν
653 1426 908 1484 παρέοντα·
943 1424 1074 1474 κακὸς
1096 1424 1177 1484 γὰρ
1203 1422 1312 1485 ἀνὴρ
1336 1423 1439 1469 τόδε
1462 1424 1599 1485 ῥέζει·

340 1491 456 1539 άλλά
478 1491 589 1552 μάλ’
613 1490 789 1553 εὔκηλος
810 1496 977 1555 τέρπου
1002 1496 1149 1555 φρένα
1171 1496 1309 1555 τέρπε
1331 1492 1368 1539 τ’
1393 1495 1584 1541 ἐκεῖνον.

200 1568 284 1610 νῦν
317 1565 367 1610 δὲ
399 1565 571 1611 τούτων
601 1569 686 1622 μὲν
718 1563 849 1610 οὐδὲν
880 1563 991 1615 ὅλως
1021 1567 1288 1623 μέμνηνται·
1332 1565 1392 1609 τὰ
1432 1565 1482 1610 δὲ
1522 1564 1615 1625 ἑξῆς
1645 1562 1793 1611 αὐτῶν

200 1634 601 1693 ἐκμανθάνουσιν.-
633 1634 750 1697 ἅπερ
782 1633 937 1681 πάντα
971 1635 1019 1680 ἐκ
1052 1639 1144 1681 τῶν
1174 1637 1235 1686 εἰς
1267 1633 1480 1681 (Ησίοδον
1514 1635 1792 1698 ἀναφερομέ-

203 1724 294 1751 νων
315 1706 521 1764 μεγάλων
538 1705 703 1751 Ἠοίων
724 1711 798 1750 καὶ
820 1704 1043 1763 μεγάλων
1044 1702 1215 1766 ’Έργων
1232 1707 1269 1761 *)
1294 1705 1569 1766 παρωδηται.

337 1775 491 1835 “Ημὼ”ν
515 1775 560 1821 δ’
585 1773 639 1837 ἥν
661 1774 765 1822 τινά
787 1793 852 1828 τις
874 1777 1037 1840 καλέσῃ
1060 1775 1189 1822 θύων
1212 1776 1288 1822 ἐπὶ
1311 1776 1498 1823 δεῖπνον

344 1846 575 1906 αχθόμεθ’
601 1865 656 1907 ην
679 1848 790 1912 ελθη
818 1853 893 1892 καὶ
915 1845 1227 1905 υποβλέπομεν
1248 1851 1495 1909 παρέοντα,

342 1917 478 1974 χω’ττι
496 1922 555 1977 **)
580 1916 773 1974 τάχιστα
794 1916 940 1979 θύρας
962 1918 1162 1972 ἐξελθεῖν
1183 1916 1425 1977 βουλόμεθ’
1450 1916 1601 1965 αὖτόν.

342 1990 441 2035 εἶτα
464 1988 593 2047 γνούς
615 2007 711 2040 πως
733 1987 870 2035 τοῦθ’
900 1988 1157 2035 ὑποδεῖται·
1192 1986 1308 2048 κᾷτά
1330 2007 1396 2041 τις
1419 1990 1519 2036 εἷπε

342 2064 435 2105 τῶν
456 2058 789 2117 ξυμπινόντων·
814 2057 928 2119 ”Han
952 2058 1009 2104 σύ
1016 2078 1034 2112 ;
1068 2063 1116 2104 τί
1135 2056 1215 2116 οὐχ
1236 2057 1495 2113 ὑποπίνεις,-

344 2128 426 2187 οὗχ
447 2128 687 2182 ὑπολύσεις
710 2129 880 2177 σαυτόν
888 2149 905 2184 ,·
940 2128 965 2177 ὅ
989 2128 1035 2175 δ’
1059 2127 1252 2188 ἄχθεται
1275 2128 1408 2183 αὐτὸς
1431 2129 1456 2178 ὃ
1478 2129 1608 2178 θύων

343 2206 407 2262 τῷ
429 2201 757 2248 κατακωλύοντι
780 2207 854 2246 καὶ
877 2199 1011 2253 εὖθῦς
1034 2200 1148 2256 ἔλεξ’
1172 2202 1363 2259 ἐλεγεῖα·

345 2274 578 2332 Μηδένα
601 2271 723 2332 μήτ’
748 2270 986 2319 ἇέκοντα
1001 2275 1196 2331 μένειν
1218 2275 1485 2333 κατέρυκε
1502 2270 1626 2333 παρ’
1644 2270 1790 2332 ἦμΐν,

338 2342 480 2403 ,μήθ’
504 2342 717 2389 εὕδοντ’
741 2345 1015 2403 ἐπέγειρε,
1041 2343 1359 2401 Σιμωνίδη,
1390 2340 1442 2388 οὗ
1461 2343 1543 2403 γὰρ
1563 2341 1632 2389 ἐπ’
1658 2345 1793 2395 οἴνοις

345 2419 519 2459 τοιαυτὶ
541 2415 726 2471 λέγομεν
749 2414 1044 2467 δειπνίζοντες
1062 2414 1203 2472 ,φίλον
1226 2410 1396 2474 ἄνδρας

207 2482 271 2526 ἔτι
295 2484 344 2531 δὲ
366 2491 442 2530 καὶ
464 2488 610 2531 ταῦτα
632 2488 950 2545 προςτίθεμεν·
977 2482 1213 2544 ¹(Hesiod.
1238 2500 1310 2544 op.
1335 2482 1478 2546 720.)

346 2557 476 2616 Μηδὲ
498 2558 763 2611 πολυξείνου
797 2554 947 2606 δαιτὸς
970 2554 1278 2615 δυςπέμφελον
1300 2555 1417 2601 εἶναι

348 2627 394 2672 ἐκ
416 2632 588 2674 κοινοῦ·
623 2628 810 2687 πλείστη
834 2644 887 2672 τε
905 2624 1033 2687 χάρις
1055 2625 1233 2686 δαπάνη
1256 2624 1294 2671 τ’
1319 2624 1527 2686 όλιγίστη.
1594 2643 1604 2656 ·

208 2699 326 2742 'l'res
350 2700 519 2756 priores
543 2699 854 2758 uersusquda
877 2695 978 2755 σύγ’
1003 2714 1067 2759 sq.
1092 2714 1149 2744 ex
1173 2697 1402 2745 comoedia
1425 2698 1520 2743 siue
1546 2698 1794 2743 Pherecra-

208 2770 265 2813 tis
298 2768 395 2812 siue
430 2770 691 2816 Nicomachi
724 2769 882 2815 ductos
913 2767 1039 2824 esse,
1084 2769 1303 2816 Athenaei
1341 2770 1480 2815 uerba
1514 2768 1697 2820 docent:
1748 2774 1796 2814 at

270 2936 304 2977 *)
325 2933 426 2970 Haec
447 2930 517 2970 tria
539 2929 653 2969 uerba
674 2930 895 2971 Dindorfius
914 2930 1023 2971 uncis
1043 2930 1206 2971 inclusit.

249 2991 304 3037 **)
325 2990 382 3029 Ita
404 2995 603 3041 praeeunte
624 2987 827 3027 Dindorfio
847 2988 992 3041 scripsi.
