1943 3223
964 185 1050 233 14

207 348 350 393 Trist.
375 347 440 392 ΙΙ.
480 348 596 392 4-12.
613 379 642 416 9

482 416 641 462 Iunxit
675 415 892 462 Aristides
923 416 1095 463 Milesia
1126 418 1509 482 criminaxsecum.

206 498 321 544 Ibid.
364 499 430 543 II.
480 500 595 545 443.

481 569 630 631 Vertit
654 567 896 614 Aristidem
920 569 1129 615 Sisenna:
1167 586 1246 615 nec
1270 570 1415 617 obfuit
1436 569 1499 617 illi

481 637 711 683 Historiae
746 645 902 698 turpes
938 639 1172 685 inseruisse
1207 640 1338 688 iocos.

204 730 255 769 et
279 720 550 767 Plutarchus
578 719 693 779 (uit.
718 717 868 766 Crass.
895 737 939 766 u.
968 726 1048 768 32.
1085 718 1142 766 'P-
1167 722 1260 767 ΙΙΙ.
1294 723 1338 784 p:
1367 711 1483 771 492'.
1516 724 1587 771 ed.
1611 725 1794 787 Reisk.)

205 798 381 837 narret:
442 797 572 851 „post
603 790 755 835 Crassi
790 791 847 836 ad
882 791 1076 837 Carrhas
1106 791 1305 849 cladem,
1346 805 1447 839 cum
1483 796 1790 841 Romanorum

201 870 345 907 castra
365 856 721 920 despoliarentur
740 859 939 920 repertas
962 878 1056 906 esse
1081 860 1124 906 in
1145 863 1417 909 centurionis
1439 864 1666 910 cuiusdam
1692 873 1790 911 ten-

200 932 316 976 torio
354 927 627 976 Aristidis
673 945 758 974 res
803 927 1080 985 Milesias,
1125 947 1257 991 quem
1294 933 1456 979 librum
1491 934 1548 979 ad
1584 936 1785 981 senatum

198 1000 616 1046 Seleuciae‘afferri
648 1015 826 1064 curasse
858 1000 1077 1045 Surenam
1114 1003 1356 1066 uictorem,
1398 1019 1486 1064 quo
1520 1005 1790 1061 ostenderet,

197 1079 474 1132 quantopere
500 1086 645 1115 mores
677 1070 983 1115 Romanorum
1010 1071 1241 1132 deprauati
1265 1073 1378 1128 sint,
1414 1074 1489 1133 qui
1516 1091 1570 1120 ne
1606 1075 1647 1120 in
1674 1075 1789 1121 bello

199 1142 378 1203 quidem
413 1140 567 1205 talium
602 1139 817 1185 librorum
852 1139 1042 1186 lectione
1077 1151 1231 1187 carere
1265 1137 1478 1203 possint.“
1516 1172 1563 1176 —
1610 1146 1787 1192 Arriani

198 1212 499 1258 testimonium
530 1212 799 1256 confirmant
835 1212 1016 1256 Ausonii
1052 1214 1214 1266 uerba,
1250 1214 1325 1273 qui
1359 1230 1454 1259 sese
1480 1208 1787 1270 excusaturus,

196 1283 317 1343 quod
352 1282 441 1328 tale
473 1297 652 1327 carmen
695 1279 970 1342 (Centonem
1006 1281 1292 1344 Nuptialem)
1332 1285 1635 1343 contexuerit,
1669 1276 1788 1333 'haec

195 1353 350 1398 habet:
385 1351 545 1413 (cent.
572 1352 717 1411 Nupt.
754 1368 797 1411 p.
826 1356 942 1397 517.
979 1352 1050 1397 ed.
1076 1352 1222 1415 Toll.)

406 1433 528 1489 „Sed
555 1449 691 1493 quum
719 1433 910 1492 legeris,
946 1433 1099 1479 adesto
1125 1434 1230 1478 mihi
1255 1434 1470 1481 aduersus
1494 1453 1585 1492 eos,

195 1517 300 1576 qui,
336 1523 385 1560 ut
408 1515 634 1559 quenalis
659 1515 739 1568 ait,

398 1622 472 1630 —
506 1597 668 1641 Curios
691 1596 902 1641 simulant
923 1604 971 1642 et
993 1596 1288 1642 Bacchanalia
1314 1597 1497 1643 uiuunt:

402 1684 458 1712 ne
483 1668 599 1711 forte
625 1682 769 1712 mores
794 1682 915 1711 meos
938 1675 1140 1725 spectent
1164 1667 1220 1712 de
1244 1669 1457 1723 carmine,

401 1738 593 1782 Lasciua
618 1745 686 1783 est
711 1737 835 1781 nobis
858 1737 1019 1796 pagina
1034 1770 1045 1792 ‚
1082 1738 1172 1782 uita
1199 1739 1353 1797 proba,
1375 1768 1382 1774 ι

194 1828 243 1864 ut
278 1821 453 1863 Plinius
486 1820 607 1862 dicit.
675 1819 1165 1872 Meminerintautem,
1202 1820 1364 1878 quippe
1396 1820 1586 1874 eruditi,
1621 1823 1779 1879 proba—

190 1890 493 1936 tissimo-uiro
534 1888 681 1933 Plinio
718 1890 759 1933 in
795 1889 1009 1948 poematis
1042 1889 1292 1943 lasciuiam,
1327 1890 1371 1934 in
1400 1890 1593 1935 moribus
1615 1893 1778 1942 consti-

190 1962 295 2005 tisse
327 1975 584 2012 censuram;
634 1961 812 2018 prurire
844 1959 1103 2018 opusculum
1137 1959 1378 2018 Sulpitiae‚
1423 1960 1612 2005 frontem
1646 1978 1778 2021 cape-

191 2046 316 2076 rare:
361 2046 455 2075 esse
489 2029 725 2089 Apuleium
767 2030 810 2074 in
854 2030 948 2074 uita
988 2029 1320 2089 philosophum,
1363 2029 1409 2075 in
1442 2031 1778 2091 epigrammatis

190 2109 458 2153 amatorem
495 2101 537 2143 in
574 2101 820 2158 praeceptis
854 2101 1057 2144 omnibus
1086 2108 1242 2144 extare
1266 2101 1577 2156 seueritatem,
1613 2103 1655 2146 in
1681 2103 1775 2159 epi-

186 2172 312 2217 stolis
336 2170 393 2215 ad
419 2169 682 2216 Caerelliam
709 2171 884 2215 subesse
909 2170 1214 2230 petulantiam.
1267 2170 1469 2215 Platonis
1492 2172 1774 2231 Symposium
1831 2165 1835 2170 ⁵

185 2242 433 2300 composita
469 2242 512 2284 in
548 2240 737 2298 ephebos
768 2241 931 2299 edyllia
964 2242 1208 2285 continere.
1281 2241 1398 2284 Nam
1440 2241 1548 2298 quid
1584 2243 1773 2286 Anniani

189 2311 498 2357 fescenninos?
545 2309 664 2360 Quid
700 2309 990 2369 antiquissimi
1023 2317 1180 2369 poetae
1213 2309 1371 2353 Laeuii
1408 2309 1771 2371 Erotopaegnion

188 2383 323 2426 libros
365 2382 536 2439 loquar.
608 2379 726 2429 Quid
765 2380 1040 2432 Euenum,
1087 2394 1217 2438 quem
1252 2378 1498 2424 Menander
1529 2382 1770 2440 sapientem

188 2453 397 2498 uocauit?
427 2454 554 2496 etc.“
582 2475 650 2483 —
675 2448 816 2493 Simili
843 2448 975 2494 modo
1000 2448 1222 2494 Philetam
1247 2456 1424 2508 praeter
1447 2450 1613 2510 elegias
1635 2453 1768 2499 etiam

184 2523 382 2566 carmina
401 2522 618 2565 amatoria
635 2519 861 2579 scripsisse
879 2520 1041 2563 scimus
1074 2518 1173 2579 (Cf.
1190 2519 1329 2564 Bach.
1347 2519 1403 2563 de
1424 2519 1586 2565 Philet.
1607 2538 1650 2581 p.
1666 2521 1769 2583 13).

186 2593 261 2637 Ex
287 2592 433 2636 Eueni
462 2591 690 2636 amatoriis
722 2589 917 2634 fortassis
950 2589 1006 2633 ad
1040 2597 1188 2635 nostra
1216 2596 1417 2649 tempora
1442 2592 1649 2649 peruenit
1671 2608 1769 2637 car-

182 2677 290 2708 men
322 2668 407 2715 11,
440 2661 561 2721 quod
597 2667 829 2706 uenustate
863 2660 1063 2720 profecto
1097 2661 1351 2705 Mimnermi
1383 2662 1651 2707 carminibus
1680 2677 1767 2706 non

177 2732 305 2778 cedit
335 2731 544 2791 nobisque
568 2733 776 2777 Euenum
808 2731 1051 2787 minorem,
1087 2731 1123 2776 si
1155 2729 1333 2791 quidem
1370 2731 1519 2791 plures
1551 2731 1767 2777 eiusmodi

182 2818 341 2848 uersus
376 2802 531 2855 finxit,
583 2818 677 2847 esse
710 2817 919 2861 magnam
950 2801 1261 2847 claritudinem
1295 2802 1507 2861 adeptum
1541 2801 1765 2848 affirmare

182 2873 300 2918 licet.
339 2896 411 2906 —-
458 2870 530 2916 De
558 2870 655 2915 aliis
688 2872 864 2932 scriptis
896 2877 946 2915 ut
978 2870 1036 2916 de
1072 2871 1241 2932 reliqua
1274 2872 1420 2918 Eueni
1454 2871 1545 2917 uita
1561 2873 1764 2934 „uestigia

181 2943 355 2989 desunt.
