1943 3223
145 348 270 399 Quos
292 351 448 386 uersus
470 334 659 381 Ouidius
686 333 837 396 (Fast.
862 335 902 379 I.
929 334 1073 396 357.)
1105 337 1147 408 in
1174 335 1291 381 hunc
1314 334 1493 381 modum
1522 335 1679 380 uertit:

286 411 417 465 Rode
438 426 579 478 caper·
599 417 757 472 uitem3
793 423 947 462 tamen*
967 416 1069 462 binc
1088 432 1194 462 cum»
1214 416 1349 462 stabis
1371 416 1428 462 ad
1451 429 1550 463 aras

417 488 478 532 In*
496 496 574 533 tua
596 487 891 547 quodspargi
913 502 1079 532 cornua
1103 488 1262 547 possit,
1296 487 1397 532 erit.

284 559 431 606 Verba
455 557 568 603 fides
590 550 987 618 sequiturzmoxae
1011 558 1089 604 tibi
1113 557 1290 603 deditus
1314 556 1450 602 bostis

417 627 658 688 Spargitur
683 629 827 673 affuso
849 642 1041 684 cornua,
1074 628 1275 684 Bacche,
1308 642 1451 673 mero.

147 716 250 761 Non
275 710 430 756 inutile
454 710 540 755 erit
562 725 770 766 monere,
807 709 972 755 Libero
997 710 1134 770 patri,
1168 710 1271 755 uitis
1295 710 1544 770 repertori,
1580 710 1723 756 hircos

146 789 298 843 utpote
334 781 494 826 uitibus
527 777 795 840 perniciosos
828 779 1072 825 im‘molatos
1103 795 1220 834 essm
1253 788 1302 825 ut
1331 781 1477 840 capite
1511 787 1720 841 tanquam

144 853 303 909 darent
334 866 513 911 poenas.
559 852 617 897 cs.
651 848 783 896 Varr.
814 851 875 895 R.
908 850 968 894 R.
999 851 1038 895 Ι.
1074 857 1118 896 2.
1161 855 1236 896 19.
1285 850 1415 912 Virg‘.
1449 854 1623 913 Georg‘.
1655 853 1721 898 II.

146 929 262 976 380.
285 937 351 981 sq.

166 985 169 987 ’
200 1022 202 1024 -
282 993 396 1037 Non'
411 991 541 1036 aliam
566 991 623 1036 ob
645 990 821 1050 culpam
844 989 1022 1035 Baccho
1044 1006 1179 1050 caper
1202 991 1403 1036 omnibus
1424 992 1513 1037 aris

280 1062 510 1107 Caeditur.
553 1101 556 1104 .
659 1097 663 1102 .
770 1098 773 1101 .
818 1099 820 1101 .

142 1133 276 1178 Ouid.
301 1133 484 1178 Metam.
515 1132 617 1177 XV.
651 1133 760 1177 114.

282 1204 384 1248 Vite
408 1219 541 1263 caper
565 1218 736 1258 morsa,
771 1200 935 1246 Bacchi
959 1200 1216 1246 mactandus
1239 1201 1296 1246 ad
1320 1217 1420 1247 aras

281 1272 475 1317 Ducitur
501 1272 668 1316 ultoris.

140 1342 333 1387 Martial.
357 1343 449 1388 ΙΙΙ.
484 1358 556 1402 ep.
583 1343 664 1388 24.

280 1414 382 1457 Vite
406 1429 577 1457 nocens
592 1427 691 1456 rasa
715 1412 859 1455 stabat
882 1411 1125 1455 moriturus
1147 1410 1205 1454 ad
1228 1426 1326 1455 aras

412 1483 607 1538 Eirene,
642 1480 844 1537 Bacche,
878 1481 992 1537 tuis,
1028 1481 1207 1526 uictima
1231 1489 1362 1542 grata
1386 1483 1534 1528 sacris.

139 1564 254 1609 Ibid.
280 1565 419 1611 XIII.
454 1581 525 1624 ep.
553 1569 634 1612 39.
670 1563 838 1609 haedus

279 1635 518 1684 Lasciuum
543 1650 677 1695 pecus
700 1641 747 1680 et
770 1632 903 1679 uiridi
932 1649 1018 1680 non
1043 1633 1153 1678 utile
1178 1633 1354 1679 Baccho

414 1705 507 1749 Det
530 1720 716 1764 poenas:
751 1703 903 1748 nocuit
925 1702 1013 1748 iam
1037 1709 1166 1747 tener
1191 1703 1265 1748 ille
1289 1702 1388 1749 deo.

140 1786 212 1832 De
236 1777 383 1832 Eueni
410 1787 607 1831 uersibus
631 1786 795 1847 dignus
817 1785 950 1832 etiam
975 1792 1066 1841 est,
1101 1786 1177 1845 qui
1201 1794 1497 1846 cognoscatur
1520 1789 1720 1833 Suetonii

139 1855 334 1915 (Domit.
358 1874 399 1901 c.
425 1855 530 1917 14.)
565 1857 711 1911 locus,
748 1857 821 1901 ubi
844 1857 1156 1916 imperatorem
1183 1872 1268 1900 non
1292 1857 1378 1914 alia
1410 1873 1460 1902 re
1491 1859 1547 1902 ab
1574 1858 1720 1903 edicto

141 1926 197 1971 de
233 1916 488 1971 excidendis
521 1927 662 1971 uineis
692 1927 919 1986 proposito
950 1926 1213 1971 deterritum
1243 1926 1401 1982 fuisse,
1435 1943 1566 1987 quam
1600 1930 1719 1988 quod

138 1997 277 2056 sparsi
301 2004 447 2041 essent
470 1996 604 2042 libelli
639 2012 741 2041 cum
766 1996 834 2041 his
857 1997 1004 2042 Eueni
1030 1997 1229 2041 uersibus
1253 1996 1396 2042 faceta
1408 2029 1423 2053 ,
1457 1998 1535 2043 sed
1559 2001 1717 2043 acerba

139 2066 320 2125 parodia
344 2067 388 2111 in
408 2066 716 2112 Domitianum
741 2065 986 2112 translafis:

193 2161 196 2165 ·
279 2144 376 2209 Κῆν
397 2165 453 2206 με
476 2142 615 2214 φάγῃς
638 2148 715 2194 ἐπὶ
738 2148 888 2209 ῥίζαν,
926 2146 1042 2206 ὅμως
1065 2147 1131 2193 ἔτι
1153 2147 1431 2209 καρποφῆσω

410 2218 561 2265 ὅσσον
574 2220 840 2265 ἐπισπεῖσαι
862 2220 1063 2280 Καίσαρι
1084 2222 1307 2279 θυομένῳ.

138 2301 255 2345 Cum
281 2316 335 2345 ex
361 2301 442 2347 bac
467 2317 541 2357 re,
576 2309 672 2347 tum
697 2301 825 2357 inde,
852 2301 972 2362 quod
996 2309 1324 2364 pentametrum
1349 2301 1490 2347 ὅσσον
1512 2303 1714 2348 ἐπισπεῖ-

140 2384 219 2415 σαι
251 2376 353 2425 σοὶ,
388 2371 545 2433 τράγε,
579 2375 788 2432 θυομένῳ
822 2372 1045 2417 Leonidas
1078 2373 1348 2418 Tarentinus
1378 2371 1588 2431 (Antbol.
1614 2374 1715 2418 Pal.

138 2441 227 2486 IX.
255 2447 335 2488 99.
372 2442 546 2489 Delect.
568 2443 731 2503 Epigr.
755 2442 825 2488 ed.
849 2444 1019 2489 Iacobs.
1041 2443 1101 2488 X.
1129 2442 1236 2503 29.)
1268 2443 1491 2502 integrum
1516 2443 1561 2487 in
1587 2459 1716 2490 usum

138 2527 267 2557 suum
309 2514 558 2567 conuertit,
601 2513 751 2573 colligi
785 2520 955 2572 potest,
998 2513 1081 2558 hoc
1112 2514 1386 2572 epigramma
1423 2514 1717 2560 celebratissi-

139 2596 259 2628 mum
295 2584 477 2645 eiusque
511 2591 686 2644 poetam
720 2582 839 2650 haud
871 2583 1076 2645 ignotum
1111 2583 1265 2638 fuisse,
1304 2598 1443 2643 quare
1480 2584 1558 2641 iis,
1602 2602 1717 2646 quae

138 2653 162 2708 §
202 2660 250 2699 7.Δ
300 2654 645 2712 disputauimus,
697 2653 985 2699 consideratis
1026 2669 1113 2697 non
1152 2654 1440 2711 improbabile
1474 2654 1716 2710 uidebitur,

137 2722 257 2780 quod
289 2722 385 2768 boc.
403 2723 619 2768 distichon
655 2723 852 2769 omnium
886 2724 1145 2770 Euenorum
1178 2722 1421 2770 clarissimo
1453 2725 1482 2771 i.
1509 2743 1548 2772 e.
1579 2726 1715 2770 Pario

136 2791 297 2837 minori
319 2793 535 2839 uindicari
558 2795 881 2854 proposuimus.

230 2863 307 2908 Vs.
340 2871 382 2912 1.
415 2862 531 2923 ὅμως
554 2863 647 2920 ἔτι)
677 2862 794 2922 ὅμως
816 2862 862 2910 6²
887 2864 954 2912 ἔτι
975 2863 1047 2911 uel
1070 2862 1187 2923 ὅμως
1209 2865 1261 2912 δέ
1281 2883 1327 2912 τι
1349 2867 1561 2928 praebent
1584 2864 1713 2926 (Sui-

138 2929 248 2993 dae)
270 2936 401 2983 codd.
426 2936 592 2983 Pariss.
623 2933 710 2997 (A.
739 2936 831 3000 B.)
841 2970 856 2994 ,
890 2936 1109 2994 Bruxell.,
1143 2938 1361 2994 Vossian„
1395 2937 1631 2992 Oxonien.‚
1666 2944 1713 2982 et
