1943 3223
967 174 1061 223 w

218 354 264 384 n
292 343 337 386 3.
377 337 503 385 Anal.
538 338 576 384 1.
610 344 650 384 1.
688 354 731 399 Ρ.
760 342 876 385 320.
934 339 1110 386 Jacobs.
1139 339 1272 386 Anth.
1308 341 1408 386 Pal.
1440 342 1497 387 Τ.
1523 343 1586 387 ΙΙ.
1624 359 1666 403 Ρ.
1697 348 1810 389 761.

216 408 361 470 (ΑΡΡ.
386 409 563 470 Epigr
590 425 634 454 n.
662 406 772 470 23.)

359 481 552 532 Πολλοῖς
574 478 820 537 ἀντιλέγειν
840 485 925 538 μὲν
948 480 1055 531 ἔθος
1077 486 1182 542 περὶ
1204 482 1375 533 παντὸς
1399 479 1585 539 ὁμοίως·

495 549 642 612 ὀρθῶς
664 548 710 594 δ’
735 548 981 607 ἀντιλέγειν
1004 547 1083 596 οὐκ
1103 551 1173 595 ἔτι
1195 549 1313 597 τοῦτ’
1339 552 1515 606 ἐθέλει.
1648 547 1653 551 “

359 623 434 667 καὶ
456 621 568 681 πρὸς
590 625 675 679 μὲν
697 620 880 672 τούτους
904 619 1032 681 ἀρκεῖ
1049 620 1177 678 λόγος
1200 622 1260 673 εἷς
1283 620 1308 667 ὃ
1332 624 1547 673 παλαίος’

495 696 571 735 σοῑ
592 696 677 748 μὲν
699 695 843 736 ταῦτα
872 689 1068 737 δοκοῦντ’
1094 691 1237 746 ἔστω,
1273 692 1373 750 ἐμοὶ
1396 693 1446 739 δὲ
1469 692 1588 738 τάδε.

360 778 462 812 τους
484 762 688 816 ξυνετοὺς
711 759 756 806 δ’
794 759 853 808 ἄν
875 779 941 814 τις
964 766 1136 809 πείσειε
1157 761 1350 819 τάχιστα
1373 765 1513 821 λέγων
1538 761 1604 818 εἶ,

495 834 625 893 οιπερ
651 837 725 877 καὶ
749 831 913 896 ῥᾴστης
936 834 1025 877 εἰσὶ
1045 833 1351 895 ὄιδαςκαλίης.

218 894 295 949 Vs.
316 910 354 949 1.
381 904 433 948 In
452 902 557 949 edd.
579 905 795 950 Athenaei
816 904 975 948 Venet.
996 912 1041 949 et
1062 904 1197 949 Basil.
1216 920 1449 965 perperam
1476 905 1644 950 omissis
1666 904 1814 948 multis

216 974 429 1019 continuo
462 980 622 1020 tenore
655 975 910 1035 legebatur.
954 974 1136 1025 πολλοῖς
1168 971 1213 1018 δ’
1245 973 1490 1033 ἀντιλέγειν
1530 1002 1600 1008 -
1642 971 1719 1019 οὐκ
1750 973 1814 1018 ἔτι
1888 976 1890 979 ’

215 1041 334 1091 τοῦτ’
359 1031 525 1101 ἐθέλει,
552 1043 626 1091 ubi
645 1061 759 1113 quae
779 1044 1091 1091 desiderantur
1111 1047 1270 1092 uerba:
1292 1051 1377 1104 μὲν
1400 1047 1507 1099 ἔθος
1525 1052 1628 1109 περὶ
1645 1044 1815 1096 παντὸς

216 1115 378 1174 ὁμοίως
409 1114 556 1175 ορθῶς
588 1114 633 1159 δ’
678 1110 922 1183 ἀντιλέγειν
963 1117 1133 1174 primus
1164 1117 1386 1177 supplevit
1420 1119 1604 1162 Canter.
1638 1117 1813 1162 Variar.

217 1187 346 1232 Lect.
371 1186 410 1231 Ι.
445 1202 483 1231 c.
513 1192 558 1233 8.
595 1194 710 1232 teste
733 1185 984 1246 Schweigh.
1010 1185 1067 1231 ad
1093 1185 1254 1232 Athen.
1281 1187 1309 1231 l.
1334 1203 1375 1232 c.
1400 1212 1469 1222 ——
1493 1189 1570 1234 Vs.
1598 1194 1643 1234 2.
1677 1184 1812 1232 τοῦτ’.

215 1256 330 1302 cod.
344 1257 562 1302 Laurent.
581 1255 853 1317 (Athenaei)
871 1265 917 1301 et
932 1256 1185 1316 Schweigh.
1205 1257 1313 1302 edit.
1331 1261 1478 1302 τοῦτο.
1522 1258 1635 1303 Cod.
1652 1257 1816 1312 Palam,

216 1327 344 1373 Edit.
367 1327 529 1388 princ„
551 1328 744 1373 Casaub.
770 1353 842 1362 -—
864 1326 915 1372 ἐν
939 1326 1037 1373 ἔθει
1061 1343 1143 1388 pro
1167 1327 1333 1382 ἐθέλει,
1369 1328 1488 1389 quod
1513 1345 1666 1374 omnes
1690 1326 1813 1374 codi-

214 1415 289 1443 ces
301 1399 533 1458 praebent,
552 1399 842 1443 casaubonus
859 1412 914 1442 ex
931 1399 1124 1443 Stobaeo
1143 1399 1325 1459 recepit.
1350 1399 1447 1443 Iam
1470 1415 1578 1444 uero
1589 1398 1815 1458 Schweig-

216 1470 460 1515 haeuserus
482 1469 512 1514 1.
530 1485 569 1514 c.
592 1468 720 1529 posse
744 1469 895 1515 ἐθέλει
917 1469 1182 1528 scripturam
1203 1470 1370 1529 optime
1391 1469 1604 1530 explicari
1622 1469 1815 1514 ostendit

186 1548 196 1553 ‘
214 1542 277 1584 sic
302 1542 399 1583 eam
426 1540 747 1601 interpretans:
791 1537 869 1584 οὐκ
901 1537 967 1583 ἔτι
998 1542 1131 1583 τοῦτο
1163 1539 1312 1584 ἐθέλει
1347 1539 1454 1591 ἔθος
1486 1541 1603 1586 εἶναι
1632 1540 1814 1590 πολλοῖς

214 1612 245 1655 i.
271 1627 310 1655 e.
336 1611 418 1654 hoc
442 1627 530 1655 non
558 1609 656 1655 uult
679 1608 844 1670 (sciet)
878 1609 1029 1654 multis
1040 1610 1096 1653 .in
1125 1625 1205 1654 usu
1231 1627 1341 1655 esse.
1398 1611 1560 1666 Recte,
1587 1626 1687 1655 nam
1709 1626 1815 1655 uer-

217 1683 319 1725 bum
346 1680 524 1726 ἐθὲλειν
547 1680 667 1740 apud
690 1681 862 1725 Atticos
886 1694 1203 1738 nonnunquam
1231 1679 1347 1725 idem
1374 1680 1514 1726 ferme
1538 1681 1658 1726 ualet
1679 1687 1813 1741 atque

222 1752 489 1796 Latinorum
516 1752 703 1796 uerbum
739 1751 944 1795 solere.
993 1750 1064 1794 Cf.
1090 1750 1294 1808 Xenoph.
1322 1751 1490 1795 Oecon.
1523 1752 1606 1797 IV.
1637 1756 1714 1797 13.
1745 1776 1813 1784 —

220 1812 496 1880 ἐπιμελεῖται
527 1819 699 1867 τούτων
732 1819 818 1881 (sc.
849 1824 941 1866 τῶν
972 1818 1183 1881 χωρῶν),
1220 1818 1341 1872 ὅπως
1371 1824 1507 1881 κῆποί
1533 1838 1582 1867 τε
1615 1821 1813 1876 ἔσονται,

217 1892 266 1937 οἵ
294 1891 568 1951 παράδεισοι
598 1890 889 1949 καλούμενοι,
926 1889 1113 1936 πάντων
1144 1892 1292 1936 καλῶν
1323 1908 1372 1936 τε
1403 1890 1616 1949 κάγαθῶν
1637 1896 1812 1950 μεστοὶ,

216 1960 417 2024 ὃπόσαῆ
442 1967 495 2024 γῆ
517 1960 650 2024 φύειν
673 1962 836 2008 ἐθέλει.
888 1962 1020 2007 Hier.
1045 1962 1086 2006 Ι.
1114 1966 1195 2008 30.
1239 1959 1263 2007 ὁ
1288 1962 1337 2007 δὲ
1361 1962 1469 2022 ἔρως
1491 1964 1606 2009 πολῦ
1630 1960 1689 2010 αὖ
1711 1963 1813 2009 ἐθέ-

134 2064 144 2072 -
215 2036 283 2079 λει
321 2034 479 2093 ἥκιστα
511 2038 575 2094 τῷ
607 2031 810 2093 τυράννῳ
845 2032 1116 2089 ἐγγίνεσθαι.
1166 2032 1342 2077 Herod.
1367 2033 1455 2091 ΙΧ.
1497 2037 1608 2081 157.Ι
1658 2035 1731 2094 Τῷ
1763 2031 1814 2079 ἐὖ

215 2106 503 2164 βουλευθέντι
535 2103 758 2166 πρήγματι
788 2103 967 2162 τελευτὴ
999 2120 1056 2154 ως
1079 2103 1132 2148 τὸ
1157 2103 1331 2149 ἐπίπαν
1353 2105 1518 2164 χρηστὴ
1541 2105 1691 2151 ἐθέλει
1715 2105 1810 2150 ἐπι-

216 2181 473 2233 γίγνεσθαι.
520 2172 778 2237 (negotium
814 2174 998 2219 consilio
1033 2176 1147 2219 bono
1182 2174 1340 2218 initum
1372 2184 1550 2234 optatus
1585 2176 1680 2220 sere
1713 2175 1813 2219 finis

217 2249 427 2307 consequi
453 2245 606 2307 solet.)
663 2246 766 2290 Pat.
792 2245 849 2290 de
877 2246 993 2306 Rep.
1018 2246 1101 2290 VI.
1137 2261 1181 2304 p.
1210 2248 1327 2291 503.
1362 2243 1589 2302 Εὗμαθεῖς
1611 2250 1686 2289 καὶ
1707 2243 1812 2305 μνή-

217 2334 351 2375 μονες
373 2322 446 2361 καὶ
471 2315 668 2373 ἀγχίνοοι
691 2322 765 2360 καὶ
799 2314 910 2370 οξεῒς
932 2320 1006 2359 καὶ
1030 2313 1119 2359 ὅσα
1143 2312 1259 2359 ἄλλα
1283 2312 1455 2365 τούτοις
1478 2317 1652 2369 ἕπεται,
1689 2313 1811 2361 οἶσθ’

219 2387 287 2433 ὅτι
323 2385 402 2433 ούκ
433 2387 673 2441 ἐθέλουσιν
704 2386 798 2445 ἅμα
831 2384 1047 2446 φύεσθαι.
1106 2384 1312 2445 (Nempe
1337 2400 1424 2429 non
1448 2385 1592 2431 solent
1616 2386 1812 2431 homines

219 2468 378 2504 natura
403 2458 533 2503 simul
559 2474 654 2503 esse
679 2457 836 2512 docili,
873 2457 1084 2510 memori,
1120 2457 1296 2516 sagaci,
1320 2454 1433 2514 etc.)
1495 2456 1565 2501 Cf.
1593 2456 1728 2502 Bach.
1754 2457 1811 2502 ad

221 2530 337 2575 Xen.
374 2530 507 2574 Hier.
544 2529 582 2573 Ι.
621 2533 703 2575 30.
769 2527 1074 2587 Hindenburg
1107 2526 1164 2571 ad
1198 2526 1316 2571 Xen.
1348 2526 1484 2571 Mem.
1512 2527 1604 2573 III.
1649 2534 1724 2574 12.
1764 2533 1811 2574 8.

220 2602 385 2645 Herm.
418 2600 474 2643 ad
511 2600 667 2658 Viger.
704 2614 747 2657 p.
771 2599 887 2643 264.
933 2598 1232 2656 Hancigitur
1256 2596 1518 2655 scripturam
1553 2614 1638 2642 non
1665 2596 1812 2642 min'us

221 2676 369 2728 aptam
394 2681 498 2717 'esse
529 2685 660 2728 quam
695 2667 806 2712 illud
839 2667 890 2711 ἐν
923 2667 1021 2712 ἔθει
1054 2682 1141 2711 non
1173 2666 1261 2710 erit
1293 2666 1391 2725 quis
1426 2674 1577 2727 neget.
1637 2668 1811 2712 Tamen

221 2755 338 2799 quae
364 2739 614 2797 recipienda
639 2739 695 2783 sit
719 2738 765 2781 in
790 2738 925 2782 dubio
951 2737 1133 2783 uidetur
1157 2736 1364 2795 relinqui,
1389 2752 1526 2796 quum
1550 2753 1608 2783 ex
1632 2726 1686 2781 eo
1704 2752 1812 2795 pen-

220 2809 324 2854 deat
348 2806 579 2865 iudicium,
614 2815 766 2854 utrum
791 2807 1045 2853 Athenaeus
1069 2805 1252 2853 meliore
1277 2806 1424 2853 Eueni
1450 2802 1611 2854 codice*
1627 2807 1812 2853 usus‘sit

220 2896 277 2924 an
296 2881 528 2926 StobaeuS.
548 2906 551 2910 -
577 2879 666 2924 Sed
690 2896 746 2924 ex
772 2895 838 2924 us.
860 2884 909 2935 3,
945 2880 1019 2923 ubi
1044 2879 1260 2924 Stobaeus
1284 2873 1626 2938 prosis-'inepte
1650 2874 1708 2929 ὥς
1731 2875 1811 2923 e'x-

220 2950 342 2996 hibet
373 2957 419 2996 et
451 2964 508 2995 ex
546 2964 610 2994 us.
643 2951 690 3006 4,
727 2951 801 2994 ubi
825 2950 1042 2996 Stobaeus
1065 2949 1163 2996 ἐστὶ
1171 2983 1188 3005 ,
1225 2948 1439 2996 Athenaei
1474 2962 1584 2994 uero
1618 2948 1809 3010 optimus
