1943 3223
192 338 320 382 posse
353 329 459 368 ante
490 322 568 369 01.
601 323 775 374 XCIV.
803 325 1014 384 scriptam
1041 340 1157 371 esse.
1227 322 1327 371 Sed
1343 325 1390 371 si
1400 325 1498 371 01.
1510 324 1702 372 XCIV
1704 326 1787 372 uel

191 393 337 440 XCV.
370 393 553 439 demum
587 393 725 440 Chiro
749 395 865 441 ficta
897 402 990 453 est,
1024 401 1206 479 sponte
1221 402 1462 457 apparet,
1478 396 1787 459 fragmentum
1868 448 1871 451 ι

190 463 248 509 de
281 480 370 524 quo
403 466 582 526 agimus
605 464 771 510 tribui
782 465 943 512 Eueno
977 467 1138 512 minori
1161 480 1250 510 non
1269 479 1429 525 posse,
1464 466 1630 528 quippe
1652 480 1786 529 quem

192 533 278 580 hoc
302 542 506 596 tempore
534 535 607 579 uix
634 541 787 580 natum
813 536 948 582 fuisse
974 551 1108 598 supra
1134 535 1391 583 uiderimus.
1449 535 1554 581 -Sed
1577 537 1788 596 Euenum

191 606 407 651 maiorem
431 612 659 651 auctorem
684 605 778 651 alia*
794 621 981 667 quoque·
999 606 1261 667 res'prodit.
1319 606 1507 652 Nullum
1538 607 1655 652 enim
1681 620 1788 667 poe-

98 675 103 680 '
190 676 250 721 sis
274 692 420 737 genus
444 676 489 721 in
515 682 609 721 tota
630 675 901 735 antiquitate
925 677 1159 738 tantopere
1181 692 1208 723 a
1232 677 1375 738 poetis
1396 677 1578 723 comicis
1601 677 1644 722 in
1671 678 1788 738 ipso-

191 762 293 792 rum
314 762 441 791 usum
467 760 734 792 conuersum
761 754 819 791 et
829 754 922 792 tam
948 759 1080 830 saepe
1099 762 1184 808 per
1208 747 1476 815 parodiam'
1462 748 1639 793 irrisum
1661 743 1788 794 uide·
1837 793 1845 799 ,

190 833 307 871 mus,
331 833 464 877 quam
491 818 701 876 gnomica
725 818 942 873 carmina,
964 819 1091 864 cuius
1116 819 1180 864 rei
1203 833 1413 864 caussam
1421 818 1560 864 docte
1582 818 1788 878 exposuit

190 887 368 932 Welck.
393 887 581 946 Proleg.
602 888 659 933 ad
678 887 891 947 Theogn.
917 904 963 947 p.
983 888 1182 938 LXXX.
1238 889 1378 933 Hunc
1400 889 1609 934 Euenum
1633 896 1785 935 autem

191 964 399 1018 poemata
435 973 705 1018 gnomarum
740 958 880 1004 instar
912 955 1120 1016 finxisse,
1182 956 1207 1014 §
1245 962 1291 1007 5.
1335 958 1454 1006 haud
1498 958 1788 1046 improbabile

193 1029 319 1074 nobis
348 1029 491 1074 uisum
526 1036 607 1074 est.
1708 1042 1715 1053 ¹

283 1100 384 1144 Iam
407 1115 518 1144 uero
541 1099 659 1144 unde
678 1098 865 1143 deflexit
882 1100 1026 1145 oratio
1045 1106 1195 1145 nostra
1211 1098 1271 1144 ad
1293 1099 1441 1144 Eueni
1463 1114 1618 1145 uersus
1635 1114 1791 1146 reuer-

190 1170 345 1217 timur.
399 1170 488 1220 Qui
514 1169 735 1216 decimum
762 1185 940 1216 uersum
965 1169 1113 1217 ῧπνον
1134 1188 1173 1215 κ.
1198 1188 1239 1215 τ.
1263 1170 1304 1214 λ.
1330 1162 1450 1229 apud
1468 1170 1789 1230 Tbeognidem

192 1247 442 1300 sequuntur
478 1256 634 1285 uersus
667 1241 828 1285 Eueno
865 1256 951 1285 non
984 1247 1168 1300 possunt
1190 1239 1465 1295 adiudicari,
1500 1247 1656 1300 utpote
1678 1240 1791 1300 'quos

192 1310 450 1356 Athenaeus
473 1308 561 1371 (X.
587 1327 629 1371 p.
653 1311 770 1357 428.
787 1311 846 1355 C.
862 1308 949 1373 D.)
974 1311 1149 1356 adiecto
1168 1310 1446 1370 Theognidis
1467 1311 1644 1355 nomine
1667 1311 1790 1357 citet.

191 1383 361 1427 Verum
387 1382 576 1436 Eueno,
612 1381 785 1426 etiamsi
810 1389 983 1426 certum
1009 1381 1227 1427 Athenaei
1261 1379 1561 1427 testimonium
1597 1397 1682 1426 non
1710 1382 1790 1427 ex-

193 1460 337 1507 taret,
372 1468 449 1496 eos
480 1452 710 1511 assignare
746 1451 936 1507 nollem,
971 1452 1076 1511 quia
1108 1452 1252 1512 qualis
1282 1451 1401 1496 inter
1425 1459 1697 1511 postremum
1723 1453 1791 1496 di-

193 1523 363 1568 stichon
406 1529 452 1567 et
486 1522 623 1584 uerba
656 1522 910 1581 sequentia:
968 1525 1110 1576 Δείξω
1152 1519 1198 1566 δ’
1241 1518 1299 1571 ὦς
1327 1522 1457 1572 ,οἶνος
1497 1524 1791 1583 χαριέστατος

193 1590 323 1653 ἀνδρὶ
351 1590 593 1637 πεπόσθαι
625 1609 663 1636 κ.
689 1610 730 1636 τ.
755 1593 795 1637 λ.
832 1591 1080 1637 intercedat
1102 1591 1424 1652 cogitationum
1452 1592 1646 1638 uinclum
1670 1589 1790 1637 'disfi-

193 1664 278 1709 cile
293 1670 371 1708 -est
394 1662 451 1706 ad
477 1661 845 1722 intelligendum3
870 1678 983 1722 quos
1006 1662 1146 1722 igitur
1166 1662 1404 1716 Benkkerus
1429 1677 1515 1706 non
1541 1669 1664 1716 recte
1687 1677 1790 1707 cum

134 1788 150 1799 Ι
194 1733 562 1780 antecedentibus
608 1732 868 1787 coniunxit,
921 1739 1045 1777 recte
1093 1748 1202 1778 uero
1249 1732 1515 1777 Welckerus
1561 1733 1790 1778 disiunxit.

196 1804 488 1849 Contrarium
533 1809 666 1847 antea
708 1802 913 1848 uidemus
953 1802 1147 1858 factum,
1191 1801 1266 1846 ubi
1303 1802 1537 1848 Bekkerus
1573 1802 1789 1848 distichon

197 1872 341 1935 αὐτὰρ
379 1875 463 1931 ἐγώ
500 1890 565 1934 sq.
603 1889 705 1918 cum
742 1874 821 1929 iis,
858 1889 973 1933 quae
1005 1873 1306 1933 praecedunt,
1340 1874 1597 1929 connexuit,
1667 1873 1792 1920 Wel-

196 1947 359 1991 ckerus
392 1953 541 1989 autem
575 1943 898 1988 secernendum
932 1944 1122 2003 putauit.
1182 1945 1286 1988 Non
1318 1952 1462 1998 recte;
1498 1959 1598 1988 nam
1623 1944 1791 2004 optime

198 2016 347 2061 omnia
381 2016 498 2060 inter
532 2031 579 2059 se
612 2014 867 2059 cohaerent.
941 2013 1064 2059 Dicit
1097 2021 1249 2074 poeta:
1302 2029 1414 2070 „ne,
1449 2014 1484 2059 si
1519 2030 1651 2073 quem
1687 2015 1792 2059 uino

199 2087 379 2147 plenum
405 2100 585 2130 somnus
609 2086 745 2144 capit,
780 2084 1075 2129 dormientem
1101 2084 1285 2139 excites,
1319 2100 1446 2139 caue,
1481 2099 1564 2129 nec
1588 2100 1791 2129 somnum

202 2157 415 2202 uitantem
453 2155 651 2201 dormire
684 2155 860 2210 iubeas,
898 2170 998 2199 nam
1033 2154 1265 2212 molestum
1301 2161 1394 2210 est,
1428 2153 1547 2214 quod
1581 2155 1701 2199 iussu
1725 2155 1792 2201 fa-

198 2228 362 2280 cimus;
406 2227 485 2271 sed
519 2226 670 2270 bibere
704 2225 872 2269 uolenti
911 2224 1119 2284 poculum
1164 2224 1270 2276 uino‘
1308 2224 1539 2284 impletum
1581 2225 1792 2283 pincerna

200 2297 429 2359 porrigat,
464 2311 601 2356 quum
628 2311 715 2340 non
741 2310 894 2340 omnes
919 2310 999 2355 per
1024 2304 1176 2340 noctes
1209 2301 1258 2339 ut
1282 2296 1394 2340 bene
1418 2293 1699 2355 iucundeque
1724 2296 1791 2341 ui-

201 2384 312 2414 uere
347 2367 485 2427 possis
517 2367 775 2426 contingat,
811 2366 1040 2426 quamuiS‚
1075 2364 1282 2425 quod'ad
1315 2382 1387 2411 me
1413 2366 1598 2420 attinet,
1633 2366 1668 2410 si
1694 2367 1791 2426 qui—

201 2440 304 2485 dem
346 2437 502 2483 melliti
543 2438 662 2493 uini,
697 2453 828 2497 quem
869 2438 913 2482 in
955 2436 1146 2481 bibendo
1178 2442 1331 2482 tenere
1364 2436 1576 2483 consueui
1609 2436 1791 2483 modum

199 2511 315 2569 bibi,
351 2525 439 2569 ego
476 2507 590 2569 (non
616 2523 698 2568 per
723 2515 875 2553 noctes
897 2508 1051 2552 bibere
1075 2507 1226 2562 uelim,
1260 2505 1375 2568 sed)
1411 2506 1793 2561 domumrediens

202 2581 343 2625 somni
368 2580 572 2624 omnibus
593 2578 714 2624 curis
738 2578 927 2623 leuantis
950 2593 1120 2623 memor
1142 2592 1256 2622 sum.
1258 2580 1288 2604 ‘⁶
1325 2603 1396 2611 -—
1431 2577 1555 2628 Quos
1578 2593 1734 2647 uersus
1757 2578 1794 2623 si

202 2666 306 2697 cum
332 2657 544 2709 sequente
570 2649 717 2714 Eueni
742 2649 963 2704 carmine,
1004 2648 1122 2708 quod
1147 2664 1175 2692 a
1199 2648 1347 2693 uerbis
1411 2686 1416 2692 χ
1684 2708 1686 2710 ,

345 2718 523 2775 Βάκχου
546 2721 718 2782 μέτρον
733 2717 938 2780 ἄριστον,
977 2736 1001 2764 ο
1024 2720 1082 2780 μὴ
1105 2718 1221 2766 πολὺ
1244 2715 1349 2779 μηδ’
1374 2716 1628 2776 ἐλάχιστον,
1686 2732 1689 2778 j

483 2792 578 2837 ἐστι
602 2793 685 2852 γὰρ
708 2789 737 2852 ἢ
757 2789 896 2851 λύπης
919 2792 1060 2843 αἶτιος
1082 2810 1108 2849 η
1130 2791 1301 2850 μανίης.

204 2863 385 2924 incipit,
419 2861 626 2918 confero,
662 2878 748 2909 non
775 2878 980 2924 possum,
1013 2862 1120 2923 quin
1153 2860 1260 2907 mihi
1291 2837 1608 2923 persuadeam,
1643 2857 1725 2905 hoc
1748 2866 1795 2906 et

204 2935 343 2991 illud,
379 2932 500 2996 quod
525 2949 659 2994 supra
683 2934 889 2991 exhibui,
923 2949 1062 2982 unum
1085 2949 1266 2981 carmen
1290 2932 1498 2993 idemque
1521 2930 1577 2976 ad
1609 2932 1792 2977 Simo-
