1943 3223
968 202 1059 254 50

218 367 353 413 schol.
381 367 604 428 Aristoph.
629 368 657 412 Ι.
682 384 722 413 c.
746 393 817 402 —-
845 369 921 413 Vs.
949 376 996 417 2.
1030 371 1320 425 ἐπισπεῖσαι,
1355 368 1458 415 Pal.
1482 378 1529 416 et
1551 371 1675 416 Suet.
1710 370 1747 416 }.÷
1763 387 1804 416 c.

217 442 453 500 ἐπιλεΐψαι
475 439 660 494 Suidae,
683 454 793 498 quos
819 439 950 491 modo
974 441 1107 485 citaui
1132 440 1323 494 codices,
1356 447 1403 484 et
1426 442 1561 493 schol.
1582 442 1803 500 Aristoph.

218 511 433 569 probante
458 508 800 556 Hem'sterhusio
821 510 866 554 in
885 510 1011 555 Plut.
1037 511 1132 566 l.c.,
1156 517 1304 557 tamen
1331 526 1418 566 non
1436 506 1662 562 ,dubitauit
1679 513 1806 558 Gais—

216 580 386 625 surdius
412 582 639 626 meliorem
660 581 942 639 meliorisque
958 582 1233 626 auctoritatis
1251 581 1515 640 scripturam
1541 582 1806 631 ἐπισπεῖσαι

214 651 260 696 ἰη
285 651 470 697 Suidam
498 652 712 712 recipere.
740 676 806 684 —-
832 654 920 703 σοί.
970 652 1071 705 Pal.
1095 659 1141 697 et
1164 651 1290 697 Suid.
1328 666 1415 697 σοι.
1466 652 1595 698 Plan.
1621 652 1702 698 Br.

973 778 1056 826 14.

308 887 449 930 Extat
473 885 581 929 ibid.
615 901 659 944 p.
686 890 803 931 367.
839 901 941 930 cum
975 886 1203 931 lemmate:
1239 884 1394 945 εῧῆνου
1430 885 1707 931 σικελιώτου.
1745 887 1805 935 εἷς

212 958 329 1001 ϊλιον
352 973 432 1015 την
455 957 591 1001 πολιν
614 972 667 1015 ην
684 953 953 1016 ἐπόρθησαν
973 958 1143 1016 ἕλληνες
1162 955 1228 1002 ὅτι
1255 957 1411 1003 διατον
1435 956 1599 1017 ὅμηρον
1619 948 1804 1016 οἷειμκῆστο

215 1031 236 1081 ζ
259 1023 372 1073 alc-‘iv
395 1029 585 1083 γέγονεν.
635 1027 750 1071 Inde
769 1036 1000 1087 receptum
1024 1030 1063 1072 in
1084 1028 1164 1072 Br.
1187 1030 1276 1073 Gn.
1298 1031 1380 1073 Gr.
1407 1030 1515 1088 I.›p.
1534 1034 1643 1074 166.
1666 1044 1708 1073 n.
1726 1031 1802 1074 14.

213 1100 295 1144 An.
323 1101 362 1145 I.
395 1105 437 1144 1.
475 1115 517 1158 p.
546 1102 663 1144 326.
712 1097 883 1143 Iacobs.
909 1100 1044 1144 Anth.
1070 1099 1168 1150 Pal.
1194 1099 1279 1143 IX.
1309 1105 1389 1146 62.

354 1182 529 1235 Ξεῖνοι,
566 1181 646 1239 τῆν
668 1185 919 1241 περίβωτον
941 1182 1019 1239 ἐμὲ
1042 1178 1388 1234 πτόλιν,»’Ίλιον
1410 1181 1526 1242 ἱρήν,

489 1252 570 1310 τῆν
592 1249 736 1312 πάρος
760 1248 990 1311 εὖπύργοις
1013 1256 1176 1307 τείχεσι
1199 1253 1477 1315 κλῃζομὲνην,

353 1324 514 1372 αἰῶνος
538 1325 676 1382 τέφρη
701 1321 1009 1380 κατεδήδοκεν·
1046 1321 1139 1366 ἀλλ’
1164 1323 1213 1367 ἒν
1230 1320 1411 1383 (Ομῆρῳ

488 1398 659 1450 κεῖμαι,
695 1394 911 1448 χαλκείων
935 1397 1057 1453 ἕρκος
1082 1394 1246 1449 ἔχουσα
1270 1395 1445 1441 πυλῶν.

352 1461 495 1508 οῧκὲτι
518 1480 575 1520 με
599 1461 768 1525 σκᾶψει
797 1462 1085 1524 Τρωοφθόρα
1113 1461 1290 1523 δούρατ’
1318 1462 1525 1519 Ἀχαιῶν,

487 1532 674 1579 πάντων
707 1532 752 1578 6²
773 1532 999 1594 ’Ἑλλήνων
1021 1539 1225 1591 κείσομαι
1248 1535 1298 1579 ἐν
1323 1533 1526 1592 στόματι.

212 1617 355 1660 Poeta
393 1616 475 1660 hoc
509 1617 706 1660 carmine
750 1616 925 1676 gloriae
964 1617 1299 1671 aeternitatem,
1344 1632 1475 1676 quam
1515 1614 1656 1660 -Troia
1700 1616 1802 1661 licet

211 1690 488 1731 Graecorum
526 1687 659 1731 hastis
692 1703 848 1731 euersa
891 1695 1039 1731 tamen
1077 1688 1267 1731 Homeri
1307 1703 1484 1732 carmen
1523 1687 1566 1731 in
1602 1687 1799 1730 omnium

210 1759 487 1801 Graecorum
527 1764 759 1801 uersatura
800 1764 1038 1802 consecuta
1071 1764 1164 1811 est,
1210 1757 1442 1816 expressit.
1514 1757 1700 1802 Grotius
1740 1756 1802 1801 sic

210 1828 376 1871 uertit:

356 1898 467 1940 Vrbs
491 1911 580 1955 ego
605 1897 779 1941 turritis
802 1896 1090 1941 celeberrima
1116 1898 1343 1942 moenibus
1367 1897 1469 1941 olim

485 1967 613 2016 Quae
638 1982 762 2010 sacra
787 1972 855 2010 tot
879 1966 995 2011 diuis
1020 1967 1157 2011 Troia
1185 1974 1339 2012 uocata
1364 1966 1443 2022 sui,

349 2038 577 2096 Tempore
602 2036 716 2082 sacta
740 2037 872 2091 cinis,
909 2037 1060 2082 charta
1086 2038 1294 2097 sapientis
1319 2037 1511 2082 Homeri

489 2107 692 2151 Ferratis
719 2107 857 2166 portis
881 2107 1054 2161 inclita,
1091 2123 1251 2151 cernor
1275 2106 1437 2152 adhuc.

336 2177 603 2221 Perniciem
632 2193 719 2221 non
745 2177 882 2222 Graia
909 2178 1012 2223 mihi
1039 2194 1156 2223 nunc
1173 2178 1303 2223 'hasta
1329 2177 1539 2232 minatur3

489 2247 607 2292 Nam
634 2247 820 2291 Graium
849 2247 986 2292 uolito
1013 2248 1114 2292 uiua
1141 2264 1220 2306 per
1245 2264 1322 2292 ora
1349 2248 1511 2292 uirum.

213 2340 286 2383 Vs.
320 2346 361 2384 1.
399 2337 657 2399 περιβόητος
680 2340 816 2383 schol.
848 2339 905 2382 ad
931 2340 1067 2397 Soph.
1103 2339 1218 2383 Oed.
1252 2341 1308 2383 T.
1337 2341 1451 2393 142,
1487 2339 1559 2382 ubi
1591 2341 1703 2384 Ares
1735 2341 1796 2385 ita

207 2411 353 2455 dictus
387 2418 480 2466 est,
524 2410 718 2469 explicat
752 2409 818 2452 his
851 2410 1025 2453 uerbis:
1070 2413 1174 2468 περὶ
1216 2408 1270 2453 ὃν
1313 2411 1497 2459 ἕκαστος
1531 2413 1639 2468 βοᾷ,
1684 2411 1797 2468 μετὰ

206 2485 308 2541 βοῆς
350 2486 424 2525 καὶ
470 2481 658 2541 οἰμωγῆς
701 2478 843 2525 ἐπιών
911 2476 967 2529 ὡς
1011 2479 1086 2524 ἐπὶ
1129 2480 1326 2537 πολέμου
1369 2477 1514 2525 πόλιν.
1589 2481 1797 2527 Priorem

207 2554 546 2612 explicationem
578 2569 674 2597 esse
698 2567 895 2606 ueram,·
917 2558 1038 2595 recte
1073 2551 1243 2596 monuit
1267 2551 1471 2597 Wunder
1504 2552 1559 2597 ad
1592 2553 1636 2597 h.
1673 2553 1701 2597 l.
1738 2553 1797 2598 cf.

208 2624 370 2682 Epigr.
404 2625 447 2668 in
483 2624 683 2683 inscript.
718 2639 850 2683 quam
884 2621 1088 2668 exhibuit
1121 2623 1321 2690 {hunck
1353 2622 1410 2668 ad
1442 2623 1647 2684 Theogn.
1680 2628 1795 2671 751.

206 2710 250 2753 p.
281 2699 395 2739 296.
432 2695 479 2739 ἐκ
513 2698 659 2753 γενεῆς
693 2699 942 2754 περίβωτον
961 2726 971 2737 .
994 2726 1005 2737 .
1027 2726 1037 2737 .
1059 2727 1071 2738 .
1109 2692 1400 2753 Πλούταρχον
1420 2727 1431 2738 .
1452 2728 1463 2739 .
1484 2727 1494 2738 .
1517 2728 1529 2737 .
1567 2697 1797 2753 Μεγαρῆες

205 2763 343 2809 εἰκόνι
366 2764 516 2824 λαϊνέη
547 2768 720 2825 στῆσαν
749 2762 1070 2821 ἀγασσάμενοι.
1105 2789 1173 2798 --
1199 2765 1275 2810 Vs.
1299 2771 1345 2811 2.
1378 2764 1473 2810 Τάν
1495 2763 1796 2824 κληῒζόμεναν,

207 2836 305 2880 Pal.
342 2834 520 2890 dorice,
556 2837 600 2880 in
636 2836 818 2896 reliquis
850 2843 1002 2881 autem
1040 2836 1250 2895 uulgares
1271 2836 1448 2882 formas
1482 2851 1583 2880 nonv
1607 2841 1796 2880 mutans.

205 2907 379 2951 Tamen
406 2905 633 2961 nescioad
657 2906 878 2953 dorismus
901 2921 990 2950 non
1015 2905 1294 2967 recipiendus
1317 2908 1397 2962 sit,
1442 2921 1579 2967 quum
1614 2905 1658 2950 in
1698 2906 1797 2951 tali-

193 2979 310 3031 »bus‚
348 2985 397 3022 ut
420 2978 516 3037 ipse
539 2977 764 3022 Iacobsius
796 2977 852 3023 ad
878 2976 977 3021 Pal.
1003 2977 1082 3022 VI.
1119 2984 1199 3023 21.
1238 2993 1354 3023 uers.
1383 2983 1428 3023 7.
1465 2976 1656 3029 fatetur,
1692 2992 1798 3036 poe--
