1943 3223
932 376 1005 426 7.

211 520 214 522 .
262 482 435 529 -Pauca
476 486 604 533 sunt,
646 473 855 536 quae-de
890 471 1071 532 reliquis
1103 473 1275 518 Euenis'
1318 471 1504 517 dicenda
1545 475 1773 531 habemus,

192 553 372 613 quippea
390 551 448 597 de
478 550 638 610 quibus
659 552 852 606 praeter-
874 544 1057 588 *nomina
1091 543 1195 588 nihil
1227 544 1324 589 fere
1359 545 1598 590 memoriae
1620 546 1772 604 prodi-

192 631 292 667 tum·
328 622 400 665 sit.
476 613 836 670 -Commemorari
883 619 1033 657 autem
1080 614 1257 673 praeter
1307 618 1545 674 utrumque
1588 613 1772 661 Parium

192 674 403 753 quattuor
437 688 570 742 alios,
614 684 923 737 Asca-lonium,
967 684 1189 740 Siculum,
1223 684 1566 740 Atheniensem,
1610 687 1773 731 Gram-

194 762 430 813 maticum,
464 759 507 802 in
543 755 766 802 lemmatis>
789 754 1062 808 carminum,
1097 769 1209 815 quae
1234 756 1289 799 in
1311 755 1417 800 cod.
1451 754 1598 800 Palat.
1630 755 1773 801 Anth-

193 831 340 890 logiae
364 829 613 888 praeposita
638 825 941 884 reperiuntur,
976 840 1107 883 supra
1132 825 1218 868 iam
1243 826 1506 870 monuimus.
1543 859 1545 861 .
1569 826 1774 876 Quorum

192 899 368 945 eos'dem
404 897 629 942 Iacobsius
651 893 822 955 (Anth.
848 896 930 939 Gr.
971 893 1027 938 T.
1059 894 1194 938 XIII.
1238 909 1284 954 p.
1309 894 1446 954 893)
1482 895 1615 941 fuisse
1645 905 1775 955 putat

193 971 399 1014 Euenum
435 965 751 1011 Atheniensem
783 972 829 1008 et
862 964 1240 1018 Grammaticum,
1273 963 1551 1009 Ascaloniam
1575 973 1622 1011 et
1644 967 1774 1012 Sicu-

194 1039 284 1085 lum
300 1071 312 1093 ‚
347 1044 610 1096 corruptum
633 1034 833 1082 iudicans
851 1035 1111 1079 uocabulum
1133 1032 1394 1093 Σικελιώτης
1415 1050 1475 1079 ex·
1489 1049 1599 1080 uoce
1614 1034 1773 1081 Ἀσκα-

190 1110 386 1167 λωνίτης.
458 1106 585 1156 Quae
618 1120 755 1165 quum
790 1106 833 1149 in
866 1105 1124 1150 coniectura
1157 1104 1298 1164 posita
1330 1105 1444 1161 sint,
1493 1105 1775 1163 refutatione,

193 1180 297 1224 licet
322 1178 446 1224 nobis
469 1176 796 1237 discipliceant,
830 1175 1121 1236 supersedere
1146 1190 1397 1234 possumus;
1433 1191 1533 1221 nam
1568 1177 1773 1237 equidem

193 1247 463 1309 persuadere
484 1261 707 1307 nunquam
732 1245 837 1290 mihi
855 1253 1010 1305 potero
1024 1278 1038 1301 ,
1073 1244 1263 1291 eundem
1287 1253 1461 1305 poetam
1481 1246 1659 1293 finxisse
1675 1264 1774 1293 car-

193 1334 293 1365 men
324 1321 382 1365 15
404 1325 450 1363 et
474 1323 551 1363 16.
600 1317 772 1362 Eodem
792 1316 923 1379 modo
941 1316 1070 1361 aliter
1093 1316 1153 1360 de
1169 1316 1329 1360 Eueno
1349 1316 1604 1373 Ascalonio,
1640 1331 1772 1378 quem

161 1427 175 1444 ‚⁶
194 1388 534 1435 nondiuersum
558 1387 756 1446 suspicor
783 1402 808 1431 a
835 1383 972 1431 Pario
997 1386 1184 1441 minore,
1206 1386 1362 1430 sentio.
1407 1386 1619 1432 Videmus
1637 1390 1773 1445 enim,
1827 1414 1835 1423 ·

192 1458 311 1518 quod
334 1458 381 1518 ei
401 1458 611 1503 tribuitur
633 1470 811 1501 carmen
842 1461 899 1502 13
915 1489 928 1510 ,
963 1471 1044 1515 per
1061 1458 1206 1500 ‘totam'
1228 1456 1540 1514 antiquitatem
1565 1457 1774 1517 diuulga-

194 1536 312 1581 tum,
350 1526 467 1572 unde
490 1525 654 1585 colligi
672 1525 801 1580 licet,
835 1541 936 1571 cum
962 1528 1017 1569 eo
1039 1526 1172 1570 etiam
1197 1525 1293 1570 eius
1317 1536 1491 1584 poetam
1517 1526 1774 1573 innotuisse.

192 1598 400 1643 Euenum
442 1596 914 1654 Ascaloniumuutenu
948 1603 1126 1654 praeter
1161 1596 1417 1649 librarium,
1462 1596 1539 1655 qui
1575 1596 1773 1643 codicem

195 1667 448 1713 Palatinum
489 1666 711 1725 scripsit,
736 1681 863 1710 nemo
901 1665 1128 1726 agnoscit;
1171 1674 1326 1710 contra
1365 1666 1471 1710 satis
1503 1673 1655 1712 notum
1690 1676 1774 1726 est,

193 1744 468 1798 quantopere
503 1736 560 1781 de
590 1735 813 1782 clarorum
844 1737 1110 1796 scriptorum
1144 1737 1288 1795 patria
1311 1737 1564 1796 saepissime
1587 1739 1774 1785 fabulari

193 1809 369 1855 solitum
406 1808 475 1851 sit.
547 1807 646 1860 Sic,
691 1814 742 1850 ut
777 1807 889 1851 hanc
931 1817 1025 1850 rem
1061 1820 1325 1865 quamquam
1363 1808 1578 1866 exemplis
1609 1809 1774 1854 redun-

168 1875 171 1877 ’
193 1877 392 1933 dantem,
431 1892 516 1923 uno
540 1884 687 1922 tamen
714 1876 918 1936 exemplo
941 1877 1269 1929 confirmemus,
1305 1876 1620 1935 Aristophanes
1633 1882 1773 1925 comi-

192 1964 270 1996 cus
292 1965 315 1993 a
344 1946 564 1992 nonnullis
589 1947 880 1999 Atheniensis,
916 1949 972 1991 ab
995 1947 1104 1991 Aliis
1127 1947 1344 1998 Rhodius,
1378 1946 1434 1988 ab
1450 1946 1547 1991 aliis
1564 1948 1772 2006 Lindius,

192 2019 249 2067 ab
279 2018 383 2064 aliis»
405 2017 688 2071 Camiraeus‚
721 2017 775 2060 ab
809 2016 906 2061 aliis
928 2017 1201 2077 Aegyptius,
1236 2017 1290 2060 ab
1315 2016 1410 2060 aliis
1434 2016 1678 2076 Aegineta,
1715 2023 1772 2066 ab

194 2089 290 2134 aliis
314 2089 503 2146 denique
533 2088 792 2131 Naucratita
824 2086 968 2130 dictus
993 2094 1060 2130 est
1085 2089 1153 2145 *),
1190 2086 1284 2130 ueri
1316 2094 1465 2130 autem
1501 2096 1569 2132 est
1600 2090 1771 2135 similli-

196 2174 341 2213 mum,
388 2157 698 2218 Atheniensem
731 2172 830 2201 eum
866 2156 1012 2202 fuisse.
1088 2156 1239 2208 Quare
1274 2148 1624 2217 uulgatissimum
1657 2160 1770 2207 illud

193 2245 373 2275 carmen
396 2229 453 2273 ad
478 2243 579 2273 eum
604 2229 828 2283 Euenum,
862 2242 993 2286 quem
1019 2228 1159 2271 solum
1180 2228 1499 2272 Eratosthenes
1515 2230 1772 2276 inclaruisse

196 2300 418 2354 narrauit,
462 2296 681 2344 transfero
713 2313 856 2358 neque
887 2297 1087 2343 diuersos
1118 2306 1224 2357 pute
1263 2297 1444 2342 Parium
1478 2301 1691 2346 minorem
1725 2309 1773 2347 et

194 2370 487 2414 Ascaloniam.
524 2368 589 2428 **)
669 2368 761 2413 Sed
798 2369 930 2413 etiam
976 2368 1032 2413 de
1081 2368 1263 2427 reliquis
1308 2368 1476 2413 Euenis
1513 2370 1771 2417 uidendum.

250 2532 285 2577 *)
297 2529 366 2569 Cf.
387 2527 585 2581 Aristoph.
605 2528 676 2567 uit.
697 2528 757 2568 ed.
778 2529 900 2568 Rank.
929 2542 971 2582 p.
992 2528 1116 2568 CCII.

231 2588 286 2636 **)
306 2580 479 2626 Ceterum
501 2586 589 2626 uide
609 2600 655 2625 an
684 2585 779 2625 forte
804 2585 1052 2625 Ἀσκαλωνϊ
1076 2601 1153 2625 uox
1180 2586 1217 2624 iu
1247 2585 1418 2625 Palatino
1446 2597 1625 2642 corrupta
1651 2591 1701 2631 sit
1727 2606 1772 2631 ex

303 2642 569 2696 Ἅσκωλιάζειν·
591 2635 852 2684 probabilitati
872 2643 971 2683 enim
993 2657 1066 2683 non
1087 2651 1282 2696 repugnat,
1301 2642 1340 2683 in
1360 2644 1509 2694 codice,
1529 2661 1574 2686 ex
1594 2664 1675 2703 quo
1696 2651 1772 2689 Pa-

309 2702 416 2741 latini
453 2702 627 2741 librarius
658 2700 873 2768 descripsit,
918 2700 1076 2741 breuiter
1112 2699 1160 2739 ab
1198 2701 1330 2756 aliquo
1358 2703 1615 2756 significatum
1645 2706 1773 2756 fuisse,

309 2759 427 2799 Eueni
449 2759 556 2813 quod
574 2768 753 2814 sequatur
772 2759 1020 2820 epigramma,
1050 2759 1195 2812 reperiri
1215 2759 1327 2799 etiam
1348 2762 1456 2814 apud
1475 2764 1633 2803 Suidam
1653 2766 1717 2811 (T.
1735 2765 1771 2804 Ι.

310 2825 351 2868 Ρ.
374 2819 479 2864 854)
508 2830 538 2854 ε.
559 2832 599 2854 ιι.
620 2812 882 2867 ἅσκωλιάζέιν,
911 2825 1025 2871 atque
1045 2816 1144 2856 hanc
1162 2831 1322 2867 uocem,
1351 2819 1497 2874 quippe
1518 2835 1634 2875 quam
1655 2822 1772 2861 Pala-

273 2873 378 2914 tini
397 2873 570 2914 librarius
589 2887 664 2913 non
683 2874 927 2928 intelligeret,
953 2883 1136 2915 mutatam
1158 2889 1232 2914 esse
1252 2875 1291 2915 in
1312 2876 1421 2916 istam
1442 2876 1618 2918 formam.
1667 2880 1772 2920 Haec

302 2940 436 2974 autem
456 2940 544 2974 sunt
561 2931 702 2974 Suidae
727 2932 862 2973 uerba·
899 2934 963 2973 καὶ
990 2933 1324 2986 ασκωλιάζειν·
1355 2935 1493 2984 §afflat
1519 2938 1556 2975 οὶ
1580 2936 1774 2987 Ἀθηναῖοι
