1943 3223
962 204 1055 256 40

213 384 303 414 non
322 368 497 414 dubites
516 367 701 429 pulchra
718 366 902 414 dicere“
927 376 976 414 et
990 368 1183 421 Quintil.
1207 366 1348 429 (XII.
1365 368 1545 431 10.)Vea
1571 367 1803 425 „molliora

214 441 427 497 Gallonis,
451 440 683 500 Hegesiae
705 445 752 484 et
774 434 1048 486 Calamidis“
1074 440 1196 486 dicit.
1246 440 1494 500 Praecipue
1520 455 1629 486 uero
1653 440 1803 502 Myro,

212 519 265 557 ut
286 519 405 557 auct.
429 509 489 557 ad
514 511 719 558 Herenn.
741 510 822 557 IV.
849 516 899 567 6,
925 516 972 558 9.
994 512 1082 568 ait,
1117 512 1163 557 in
1185 512 1403 572 capitibus
1431 510 1700 572 effingendis
1722 526 1802 557 ex-

211 581 416 628 cellebat.
1310 624 1314 629 ,

308 653 417 698 Hoc
440 657 680 711 utrumque
702 647 761 710 (7
787 656 835 696 et
861 648 935 712 8.)
963 665 1141 696 carmen
1168 657 1346 710 praeter
1369 666 1561 706 caussas,
1589 665 1706 711 'quas
1728 664 1802 694 su·

212 737 297 782 pra
319 722 564 776 attulimus,
599 728 841 781 propterea
864 721 1000 766 etiam
1024 721 1183 767 Eueno
1208 722 1369 766 minori
1393 721 1646 776 tribuimus,
1681 718 1802 780 quod

212 792 349 854 Myro
373 793 465 852 ipse
488 792 571 837 sub
594 792 729 836 finem
756 791 935 837 demum
962 791 1081 837 uitae
1099 792 1248 837 Eueni
1271 791 1564 838 inclarescere
1585 791 1746 852 coepit.

981 906 1034 955 9.

306 1001 504 1062 Legitur
522 1001 567 1046 iu
585 999 856 1062 Anthologia
875 1000 1072 1048 Planud.
1095 1017 1138 1062 p.
1160 1005 1278 1048 323.
1301 1017 1340 1047 c.
1365 1001 1599 1047 lemmate:
1631 997 1805 1060 Εὖῆνου

212 1072 276 1123 εἷς
305 1072 361 1118 τὸ
394 1073 447 1118 ἐν
479 1073 632 1132 Κνίδῳ
665 1070 856 1129 ἄγαλμα.
905 1071 1022 1116 Inde
1046 1073 1221 1116 transiit
1244 1072 1289 1115 in
1319 1070 1518 1117 Brunck.
1544 1075 1633 1117 Gn.
1656 1075 1740 1117 Gr.
1763 1072 1803 1116 I.

219 1145 333 1189 165.
367 1157 411 1187 n.
438 1148 486 1188 7.
519 1142 648 1187 Anal.
672 1142 712 1187 1.
743 1149 785 1187 1.
820 1157 865 1202 p.
890 1145 1008 1188 323.
1041 1140 1365 1187 Iacobs.Anth.
1398 1141 1500 1186 Pal.
1522 1142 1591 1187 Π.
1626 1157 1669 1202 p.
1690 1144 1804 1189 675.

210 1211 436 1273 (Planud.
459 1213 539 1258 IV.
580 1229 623 1259 n.
656 1211 797 1273 165.)

354 1281 539 1334 Πάλλας
561 1288 647 1327 aaz»
658 1282 887 1343 Κρονίδαο
912 1279 1164 1333 συνεῦνετις
1186 1282 1318 1328 εἶπον
1340 1282 1520 1327 ἰδοῦσαι

487 1353 570 1412 τὴν
592 1354 804 1413 Κνιὸίην·
839 1351 999 1404 ἀδίκως
1020 1352 1103 1398 τὸν
1130 1351 1286 1414 Φρύγα
1307 1351 1597 1413 μεμφόμεθα.

211 1435 286 1481 Ex
313 1435 518 1480 uersione
543 1435 716 1481 Grotii=

354 1506 418 1552 Vt
442 1505 649 1551 Cnidiam
675 1505 832 1551 uidere
855 1505 979 1551 Iouis
1002 1519 1129 1550 soror
1152 1510 1287 1565 atque
1309 1505 1517 1550 Minerua

488 1576 737 1623 Dixerunt=
771 1578 1004 1637 querimur
1029 1592 1116 1621 non
1141 1577 1255 1621 bene
1278 1575 1336 1622 de
1360 1576 1543 1622 Paride.

307 1658 593 1704 Celebratam
627 1676 722 1705 esse
755 1658 840 1704 hoc
871 1659 1069 1705 carmine
1088 1659 1282 1713 'Veneris
1305 1658 1494 1704 Gnidiae
1521 1675 1547 1704 a
1576 1657 1808 1705 Praxitele

212 1730 363 1774 fictam
383 1737 574 1774 statuam
596 1730 680 1774 iam
704 1730 912 1774 lemmate
931 1744 1188 1788 expressum
1208 1735 1290 1773 est.
1333 1729 1508 1773 Plinius
1523 1745 1576 1774 eo
1596 1729 1653 1773 de
1672 1743 1807 1787 opere

211 1798 323 1845 haec
347 1799 482 1845 habet
507 1797 601 1862 (H.
625 1801 686 1846 N.
713 1799 938 1846 XXXVI.
964 1802 1019 1847 5.
1038 1797 1130 1861 4.):
1173 1798 1449 1855 „Praxitelis
1472 1801 1662 1845 aetatem
1689 1799 1807 1845 inter

211 1870 451 1914 statuarios
475 1870 685 1925 diximus,
720 1871 796 1931 qui
822 1869 1221 1930 marmorislgloria
1246 1871 1474 1931 superauit
1497 1871 1629 1915 etiam
1650 1876 1806 1923 semet.

212 1940 363 2001 Opera
389 1941 490 2001 eius>
509 1934 613 1987 sunt
633 1941 820 1987 Athenis
843 1941 888 1986 in
914 1941 1148 1986 Ceramico
1156 1959 1173 1995 ‚-
1208 1939 1284 1985 sed
1309 1948 1413 1987 ante
1437 1942 1610 1998 omnia,
1645 1947 1691 1986 et
1716 1956 1803 1986 non

210 2011 353 2055 solum
390 2012 656 2068 Praxitelis,
692 2027 850 2056 uerum
887 2019 933 2055 et
969 2012 1014 2055 in
1057 2017 1151 2055 toto
1194 2011 1301 2055 orbe
1339 2019 1588 2073 terrarum,
1636 2012 1805 2066 Venus,

211 2096 344 2141 quam
381 2088 432 2126 ut
468 2079 698 2137 uiderent,
733 2081 861 2127 multi
895 2082 1169 2143 nauigarunt
1192 2081 1401 2127 Cnidum.
1472 2082 1598 2127 Duas
1620 2071 1805 2137 fecerat,

211 2153 433 2214 simulque
458 2152 703 2207 uendebat,
739 2154 925 2198 alteram
954 2153 1143 2198 uelatam
1171 2154 1339 2212 specie,
1375 2167 1506 2214 quam
1540 2153 1596 2197 ob
1631 2152 1676 2196 id
1705 2152 1804 2212 qui-

212 2221 315 2267 dem
351 2222 685 2283 praetulerunt,
720 2239 909 2284 quorum
945 2222 1140 2268 conditio
1175 2230 1297 2279 erat,
1340 2224 1450 2278 coi,
1490 2238 1592 2267 cum
1618 2221 1802 2267 alteram

211 2293 346 2337 etiam
384 2291 541 2338 eodem
576 2293 719 2354 pretio
754 2293 1011 2349 detulisset,
1047 2308 1252 2355 seuerum
1286 2292 1333 2337 id
1364 2310 1416 2338 ac
1449 2292 1658 2355 pudicum
1689 2293 1806 2338 arbi-

212 2370 409 2419 trantes3
448 2363 659 2408 reiectam
685 2364 835 2408 Cnidii
869 2370 1101 2418 emerunt,
1136 2363 1348 2408 immensa
1370 2362 1624 2408 differentia
1648 2363 1805 2410 famae.

210 2435 368 2480 Voluit
402 2434 535 2479 etiam
572 2442 724 2494 postea
756 2450 782 2478 a
807 2434 980 2478 Cnidiis
1005 2433 1191 2478 mercari
1223 2449 1302 2478 rex
1329 2433 1622 2489 Nicomedes,
1658 2441 1801 2480 totum

212 2521 287 2550 aes
310 2506 506 2551 ciuitatis
529 2502 749 2560 alienum,
787 2503 906 2564 quod
939 2511 1037 2549 erat
1068 2504 1251 2564 ingens,
1288 2504 1603 2551 dissoluturum
1628 2522 1675 2550 se
1700 2522 1804 2566 pro-

213 2576 408 2620 mittens.
449 2576 612 2620 Omnia
632 2575 807 2636 perpeti
827 2574 1043 2630 maluere,
1068 2575 1410 2620 necimmerito:
1434 2575 1508 2620 illo
1533 2576 1649 2620 enim
1675 2577 1804 2636 signo

213 2645 467 2691 Praxiteles
492 2647 742 2692 nobilitauit
766 2646 977 2692 Cnidum.
1042 2645 1256 2692 Aedicula
1280 2646 1375 2691 eius
1398 2653 1491 2691 tota
1516 2647 1735 2707 aperitur,
1758 2646 1805 2707 ⁴¹)

270 2809 304 2857 *)
325 2805 487 2847 Lucian.
507 2804 640 2848 Amor.
662 2813 730 2851 18.
761 2808 839 2849 ἔστι
857 2810 890 2848 δ’
910 2809 1136 2859 ἀμφίθυρος
1154 2808 1275 2858 αὐτῆς
1292 2807 1314 2847 ὃ
1333 2807 1447 2858 νεὼς,
1466 2809 1532 2848 καὶ
1551 2812 1632 2850 τοῖς
1648 2807 1805 2849 θέλουσι

326 2869 399 2915 τῆν
424 2864 526 2905 θεὸν
552 2867 649 2905 ἰδεῖν
672 2867 834 2919 ἀκριβῶς
860 2869 924 2909 καὶ
950 2867 1047 2907 κατὰ
1065 2865 1200 2909 νῶτον.
1231 2868 1296 2909 καὶ
1317 2869 1383 2908 ἵνα
1403 2868 1522 2918 μηδὲν
1540 2866 1662 2915 αὐτῆς
1679 2867 1805 2908 ἀθαύ-

329 2939 474 2974 μαστον
490 2919 516 2974 ᾖ
531 2937 541 2947 ·
570 2925 616 2964 δι’
645 2925 859 2974 εὐμαθείας
877 2923 951 2968 οὖν
969 2926 1047 2967 ἐστι
1064 2930 1112 2977 τῇ
1131 2927 1243 2980 ἑτέρᾳ
1258 2926 1360 2979 πύλῃ
1379 2929 1618 2977 παρελθοῦσι
1635 2930 1706 2977 τῆν
1724 2925 1805 2967 ὄπι-

331 2988 427 3024 σθεν
447 2983 668 3034 εὐμορφίαν
686 2986 902 3035 διαθρῆσαι.
