1943 3223
899 191 984 239 12

144 354 250 416 licet
274 355 400 414 nobis
419 354 577 414 ignoto
596 352 755 417 eodem
771 352 972 409 fortasse
987 353 1148 411 modo,
1183 370 1273 417 quo
1304 355 1363 402 de
1391 357 1546 419 Cyrno
1579 356 1736 402 'Pheo-v

144 424 296 487 gnidis
318 424 505 471 iudicari
529 430 687 485 potest.
760 424 832 471 De
855 441 944 486 quo
972 425 1017 471 in
1042 426 1157 471 hunc
1181 426 1363 472 modum
1386 427 1581 487 disputat
1605 428 1729 474 Wel—

134 493 307 542 -ckerus
329 493 551 556 (Proleg.
577 494 785 555 Theogn-
818 511 861 554 p.
887 494 1173 557 LXXVII)
1220 496 1395 557 „Cyrni
1419 497 1728 544 allocutionem

145 566 203 611 ad
242 565 382 612 solam
423 566 535 612 adeo
578 564 681 610 libri
721 565 909 611 formam
949 567 1199 627 pertinere,
1244 566 1550 613 demonstrari*
1566 575 1730 627 potest.

144 637 354 683 Primum
378 636 640 683 didascalico
662 629 860 692 carmine
883 629 1107 683 communi
1141 652 1221 682 usu
1253 637 1509 683 inhaerebat
1531 643 1731 697 apostro—

144 706 247 767 phe.
317 712 382 753 Ac
416 707 642 768 profecto,
690 706 766 767 qui
797 706 918 767 apud
953 707 1115 767 lyricos
1149 722 1327 769 quoque
1358 714 1511 769 poetas
1530 708 1732 773 obtinuit

146 785 268 835 mos,
306 785 355 823 ut
387 776 717 829 amicohlande
750 777 1057 838 compellando
1080 779 1271 839 speciem
1296 779 1518 839 quandam
1545 779 1610 825 rei
1644 795 1731 824 non

146 850 304 904 fictae,
348 849 426 894 sed
456 864 604 894 uerae
638 847 910 911 efficerent,
942 863 1030 909 qua
1068 851 1260 896 maxime
1291 857 1498 896 mouetur
1528 845 1733 905 affectus,

146 919 246 975 uel,
282 935 370 979 quo
405 918 574 965 uellent
604 920 751 964 animo
784 934 910 964 sensa
935 935 1013 964 sua
1037 921 1209 980 excipi,
1244 921 1573 981 significarent,
1608 922 1755 979 quasi-⁴

146 998 233 1034 non
258 990 527 1035 alienissimo
540 990 735 1049 cuique,
769 989 848 1034 sed
881 990 1033 1034 amicis
1062 997 1235 1035 tantum
1271 990 1513 1050 penetralia
1540 990 1734 1050 pectoris

145 1053 422 1120 aperientes,
458 1061 495 1105 is
516 1058 751 1120 gnomicae
774 1059 895 1119 poesi
921 1060 1065 1119 magis
1088 1061 1221 1106 etiam
1246 1062 1552 1107 conueniebat.
1612 1060 1734 1105 Miti-

146 1137 271 1190 gata.
287 1132 410 1175 enim
440 1145 520 1189 per
551 1136 764 1190 paternae
796 1130 1133 1175 beneuolentIae
1160 1130 1528 1192 significationem
1555 1145 1735 1190 praece-

146 1207 327 1261 ptorum
351 1200 617 1255 seueritate,
653 1199 823 1245 facilius
858 1201 932 1246 illa
959 1217 1007 1246 se
1040 1202 1085 1246 in
1115 1200 1325 1247 iuuenum
1351 1201 1520 1248 animos
1542 1202 1735 1246 insinua-

148 1273 286 1316 bant“
323 1280 409 1317 etc.
447 1294 521 1305 —
563 1270 1014 1330 Decimumscarmen
1047 1288 1073 1316 a
1101 1273 1272 1317 maiore
1296 1273 1455 1318 Eueno
1488 1271 1734 1333 profectum

88 1366 90 1369 v
147 1349 216 1387 est
240 1343 420 1404 nequit,
455 1357 555 1388 cum
592 1343 636 1386 in
672 1357 727 1386 eo
750 1341 992 1387 Praxitelis
1019 1343 1184 1387 mentio
1212 1344 1314 1395 fiat,
1349 1358 1480 1402 quem
1514 1342 1587 1386 01.
1612 1335 1736 1387 CIV.

50 1457 53 1460 Δ
148 1409 329 1457 demum
354 1412 558 1460 floruisse
574 1405 744 1455 'scimus
766 1409 849 1471 (cs.
872 1409 993 1455 Plin.
1013 1413 1076 1456 H.
1096 1412 1394 1461 N.XXX1V,
1422 1417 1579 1466 2,·19.
1615 1407 1737 1456 Pau·
1814 1444 1817 1447 -

150 1494 242 1536 san.
267 1481 400 1527 VIII.
428 1487 474 1528 9.
507 1486 549 1526 1.
585 1480 732 1539 Sillig.
757 1480 949 1559 catalog.
974 1481 1132 1527 artitif.
1170 1498 1212 1541 p.
1240 1487 1339 1529 379
1366 1497 1431 1541 sq.
1439 1481 1499 1542 ),·
1517 1496 1667 1541 quare
1688 1488 1739 1526 ut
1808 1528 1810 1530 ,
1876 1468 1880 1472 .

150 1533 363 1606 Euenus,
397 1551 454 1596 de
478 1567 567 1610 quo
592 1552 791 1610 agimus,
826 1550 870 1595 id
896 1552 1072 1610 fingere
1096 1553 1326 1615 potuisset,
1361 1551 1456 1595 sere
1478 1551 1533 1595 ad
1558 1551 1738 1595 centum
1831 1549 1835 1551 ’

139 1629 197 1680 ,ιιι
232 1621 420 1681 triginta
453 1636 670 1666 annorum
705 1628 896 1666 aetatem
938 1622 1213 1682 peruenisset
1244 1622 1492 1684 oportebat
1562 1620 1742 1689 Eotlem-

151 1691 285 1741 modo
315 1707 498 1737 carmen
535 1696 562 1737 9
596 1691 732 1735 alium
765 1699 992 1736 auctorem
1026 1706 1158 1750 quam
1184 1692 1395 1737 maiorem
1423 1691 1608 1757 Parium
1636 1682 1739 1750 pro·
1796 1697 1799 1701 '

150 1769 307 1816 catur,
343 1773 478 1821 quum
505 1761 679 1805 decimo
709 1760 960 1820 fragmento
992 1758 1076 1821 (εἴ.
1103 1761 1332 1821 utriusque
1356 1746 1591 1820 Ιιιιιιιιιειῐιι)ι
1620 1759 1737 1805 idem

151 1834 321 1892 auctor
341 1831 399 1875 sit
430 1832 566 1890 atque
598 1845 714 1877 nono
746 1837 794 1875 et
825 1837 1066 1890 utrumque
1097 1830 1213 1876 idem
1241 1831 1478 1876 Praxitelis
1501 1830 1750 1875 artificium'

150 1901 333 1947 laudet.
380 1901 441 1946 At
473 1901 609 1946 etiam
645 1901 919 1960 reliquorum
953 1901 1223 1956 carminum,
1264 1908 1309 1956 7,
1340 1907 1386 1956 8,
1417 1907 1496 1957 11,
1527 1893 1739 1947 12’1ιιιιιιι

152 1973 360 2017 Euenum
385 1973 613 2017 auctorem
639 1988 734 2016 esse
760 1987 1001 2030 negamus,
1037 1987 1136 2016 nam
1173 1973 1209 2016 si
1239 1971 1348 2017 haec
1380 1976 1598 2031 poemata·
1617 1970 1738 2015 nullo

137 2032 284 2106 ⁴pacto
307 2041 526 2100 sophistae
550 2042 886 2101 rhetoricesque
909 2042 1209 2101 praeceptoris
1226 2042 1422 2087 animum
1443 2042 1612 2101 spirare
1631 2055 1738 2093 con-,-

135 2111 498 2160 -'siderauerimus
521 2119 567 2157 et
591 2112 793 2158 Platonis
826 2106 884 2156 de
908 2113 1068 2156 Eueno
1094 2111 1242 2157 iudicii
1268 2112 1624 2165 meminerimus,
1644 2111 1738 2154 'uix
1799 2171 1801 2175 Ι

152 2198 206 2227 ea
229 2198 325 2227 esse
348 2182 405 2225 ab
428 2180 510 2226 hoc
533 2183 681 2234 efficta
706 2182 948 2242 poterimus
971 2172 1115 2227 nohis·
1127 2182 1408 2242 persuadere.
1449 2207 1514 2215 —-
1559 2179 1650 2225 Sed
1680 2180 1739 2226 ad

153 2251 272 2298 hunc
297 2253 506 2297 Euenum
527 2252 678 2302 'refero
702 2253 832 2298 etiam
859 2252 1044 2306 dictum,
1075 2253 1232 2319 quod
1221 2269 1264 2297 ιιι
1291 2253 1416 2315 Plut.
1439 2258 1608 2311 quaest.
1634 2251 1739 2296 Pla-

130 2330 246 2368 ton.
279 2328 409 2368 1010
448 2320 509 2383 (s.
535 2340 578 2382 p.
597 2329 715 2369 ·.108
753 2325 811 2368 Τ.
832 2324 891 2368 X.
913 2323 983 2367 ed.
1005 2323 1187 2382 Reisk.)
1222 2330 1367 2367 extat:
1402 2319 1575 2380 Εὔηνος
1591 2326 1664 2366 καὶ
1686 2323 1755 2368 τὰ

156 2399 244 2455 πῦρ
279 2394 477 2454 ἔφασκεν
506 2391 763 2453 ἡδυςματων
794 2395 917 2443 εἶναι
943 2389 1143 2452 ἄριστον.
1188 2416 1256 2426 -·-
1300 2394 1447 2454 Atque
1480 2392 1587 2438 haec
1604 2401 1738 2477 sunt,
1785 2397 1790 2402 “

155 2480 268 2524 quae
289 2466 382 2536 hoc
398 2463 495 2511 loco
520 2465 577 2510 de
602 2465 768 2510 maiore
798 2464 932 2509 Pario
957 2462 1142 2509 dicenda
1168 2463 1312 2511 habui.
1373 2469 1377 2476 '

925 2578 975 2626 6.

252 2674 382 2725 'Quae'
401 2690 536 2736 quum
562 2675 618 2721 de
642 2676 803 2722 'Eueno
829 2674 967 2721 Pario
992 2675 1157 2721 maiore
1180 2674 1360 2735 cognita
1385 2671 1497 2726 sint,
1533 2675 1577 2743 in
1599 2675 1739 2719 mino·
1765 2681 1768 2684 ⁴

159 2748 221 2792 ris
234 2740 567 2806 inquirendum
581 2754 648 2792 est
671 2747 824 2793 uitam.
884 2746 998 2797 Qui
1005 2762 1094 2806 quo
1122 2753 1327 2806 'tempore
1358 2742 1547 2801 uixerit,
1569 2744 1629 2787 si
1648 2743 1739 2803 pri-

160 2834 280 2863 mum
292 2818 515 2878 quaeris,
548 2818 801 2883 memineris
833 2833 996 2879 quaeso
1028 2833 1209 2873 eorum,
1243 2825 1358 2877 quae
1390 2813 1520 2862 antea
1552 2813 1609 2858 de
1641 2814 1741 2858 car-'

161 2889 279 2945 mine
302 2894 380 2941 10
398 2887 733 2948 disputatrimus.
784 2882 989 2935 Vidimus
1013 2885 1036 2942 §
1064 2892 1112 2943 3,
1145 2888 1229 2934 hoc
1252 2889 1540 2949 epigramma
1552 2901 1578 2930 a
1603 2884 1740 2930 Pario

161 2959 353 3020 quodam
379 2960 540 3034 Eueno
564 2957 829 3019 profectum,
862 2941 1161 3037 intelleximus
1185 2974 1318 3019 porro
1343 2959 1368 3016 ξ
1389 2960 1437 3014 5,
1467 2952 1605 3002 idem
1614 2971 1773 3017 posse·
1814 2959 1823 3023 J
1871 2986 1875 2990 ,
