1943 3223
859 174 950 225 4⁸

113 346 163 385 ut
195 338 389 399 conspici
421 338 555 399 possit
579 338 775 401 undique
798 338 972 400 effigies
995 338 1132 396 deae,
1167 338 1345 385 fauente
1368 339 1460 399 ipsa
1475 371 1487 395 ‚
1523 344 1575 385 ut
1597 353 1695 384 cre-

111 411 244 457 ditur„
266 409 401 470 facto.
480 411 581 458 Nec
617 412 761 456 minor
793 424 850 455 ex
886 414 1148 471 quacunque
1181 415 1310 472 parte
1342 410 1577 456 admiratio
1611 416 1696 455 est.

111 475 288 534 Ferunt
325 497 476 529 amore
507 490 685 543 captum
727 479 976 543 quendam,
1019 497 1120 527 cum
1154 481 1399 527 delituisset
1431 488 1590 537 noctu,
1637 481 1698 526 si-

112 550 308 597 mulacro
349 551 618 608 cohaesisse,
664 553 848 615 eiusque
890 550 1142 610 cupiditatis
1183 567 1279 597 esse
1316 550 1505 595 indicem
1543 566 1696 596 macu-

110 620 254 665 lam.“
273 620 319 682 *)
342 645 413 655 —-
434 622 625 668 Vberius
649 622 797 667 Plinio
822 620 879 665 de
903 619 1030 665 huius
1052 628 1223 668 statuae
1243 622 1387 667 forma
1406 620 1581 680 scripsit
1600 621 1697 665 Lu-

110 691 263 736 cianus
285 689 466 751 (Amor.
490 692 591 752 13.)
623 692 690 737 his
714 691 885 737 uerbis:
918 692 1024 736 εἴσω
1047 695 1128 737 τοῦ
1150 691 1235 737 νεώ
1258 689 1528 755 παρῄειμεν·
1563 688 1590 749 ἦ
1611 695 1697 748 μὲν

111 756 193 806 οὖν
222 761 331 811 θεὸς
362 760 413 805 ἐν
441 762 564 821 μέσῳ
589 759 880 823 καθίδρυται.
919 762 1092 822 Παρίας
1115 762 1163 808 δὲ
1186 763 1317 808 λίθου
1342 762 1568 820 ὀαὶδαλμρι
1591 759 1694 805 κάλ-

95 832 268 894 μλιστον
304 829 595 892 ὑπερήφανον
635 837 710 878 καὶ
753 828 961 893 σεσηρὸτι
992 833 1146 889 γέλωτι
1175 832 1330 894 μικρὸν
1361 830 1694 891 ὖπομειὸιῶσα.

110 905 207 947 πᾶν
229 902 279 947 δὲ
301 902 354 955 τὸ
377 900 535 953 κάλλος
558 900 688 962 αὗτῆς
710 899 969 947 ἇκᾶλυπτον
977 935 995 955 ,
1030 900 1233 960 οὗδεμιᾶς
1255 904 1443 961 ἐσθῆτος
1466 900 1697 960 ἄμπεχοῦ-

112 984 191 1032 σης
213 969 536 1030 γεγύμνωνται,
571 973 689 1033 πλὴν
720 971 809 1019 ὅσα
841 974 896 1040 τῇ
924 970 1054 1033 ἑτέρᾳ
1076 977 1189 1034 χειρὶ
1211 972 1291 1032 τὴν
1313 973 1426 1018 αἶδῶ
1446 971 1697 1033 λεληθότως

110 1041 421 1103 ἐπικρύπτειν.
462 1042 663 1090 Τοσοῦτό
693 1060 742 1099 γε
772 1048 856 1101 μὲν
884 1040 911 1101 ἦ
943 1041 1198 1103 δημιουργός
1219 1044 1375 1098 ἴσχυσε
1397 1046 1526 1102 τέχνη
1534 1034 1559 1096 ,’
1589 1043 1697 1095 ὥςτε

110 1113 192 1173 τὴν
215 1110 461 1159 ἀντίτυπον
483 1112 597 1159 οὕτω
627 1118 703 1158 καῑ
724 1112 945 1175 καρτερὰν
974 1116 1055 1158 τοῦ
1075 1114 1210 1160 λίθου
1235 1111 1375 1173 φύσιν
1397 1110 1599 1164 ἑκάστοις
1619 1114 1695 1171 μέ-

109 1185 237 1229 λεσιν
258 1184 540 1243 ἐπιπρέπειν.
588 1185 661 1229 De
683 1185 779 1228 eius
803 1192 935 1244 tergo
961 1184 1108 1242 paullo
1133 1191 1231 1244 post
1252 1200 1292 1229 c.
1311 1185 1387 1229 14.
1411 1183 1521 1229 haec
1544 1179 1699 1228 habet:

110 1252 193 1313 ὅση
215 1258 300 1312 μὲν
321 1257 412 1299 τῶν
433 1256 726 1314 μεταφρένων
757 1251 1004 1315 εὖρυθμῑα,
1039 1257 1135 1305 πῶς
1166 1251 1210 1298 δ’
1247 1251 1521 1314 ἀμφιλαφεῖς
1548 1253 1601 1298 αἱ
1618 1255 1695 1298 λα-

109 1323 257 1381 γόνες,
294 1322 544 1382 ἇγκᾶλισμα
575 1323 891 1385 χειρόπληθες·
926 1322 985 1375 ὦς
999 1347 1002 1350 ·
1017 1322 1063 1368 δ’
1096 1322 1414 1386 εὗπερίγραφοι
1445 1328 1537 1370 τῶν
1570 1326 1696 1381 γλου-

108 1398 200 1440 τῶν
223 1394 276 1439 αἱ
295 1387 453 1456 σᾶρκες
475 1396 837 1455 ἔπικυρτοῦνται,
872 1392 976 1453 μήτ’
1000 1392 1116 1451 ἄγαν
1137 1396 1327 1446 ἐλλιπεῖς
1350 1392 1501 1445 αὖτοῖς
1524 1392 1697 1445 ὅστέοις

108 1466 515 1527 προςεσταλμέναι,
558 1464 668 1525 μήτε
701 1466 763 1516 εἷς
793 1462 1038 1524 ὑπέρογκον
1071 1466 1119 1521 ἐξ
1148 1463 1369 1528 ἑκατέρων
1396 1464 1579 1520 τόπων,
1616 1462 1698 1511 οὗκ

110 1535 169 1582 ἂν
199 1539 322 1582 εἴποι
350 1553 439 1591 τις,
475 1534 533 1587 ὥς
565 1534 666 1595 ἣδύς
695 1534 720 1582 ὅ
752 1538 907 1592 γέλως,
942 1535 1082 1596 μηροῦ
1114 1554 1165 1582 τε
1194 1542 1270 1582 καὶ
1300 1536 1460 1596 κνήμης
1487 1534 1559 1582 ἐπ’
1582 1534 1697 1583 εὗθῦ

107 1609 345 1673 τεταμένης
366 1604 470 1669 ἇχρῑ
491 1607 656 1687 nodos
680 1604 965 1668 ἢκριβῶμενοι
987 1607 1167 1668 ῥυθμοί.
1215 1608 1367 1667 Caput
1391 1596 1614 1655 simulacri
1636 1608 1697 1653 ita

109 1678 319 1723 describit
354 1676 446 1737 (de
468 1678 663 1737 Imagin.
689 1683 717 1724 6
733 1709 747 1732 ,
770 1679 846 1722 ubi
870 1677 1119 1723 Pantheam
1144 1677 1369 1738 quandam
1393 1694 1494 1723 cum
1519 1679 1698 1724 Venere

107 1747 371 1811 comparat)
413 1747 619 1793 laudans:
680 1746 738 1794 τὰ
777 1752 861 1807 μὲν
898 1745 1015 1809 ἆμφὶ
1057 1747 1138 1809 τὴν
1175 1745 1315 1809 κόμην
1353 1754 1428 1794 καὶ
1467 1749 1695 1808 μέτωπον,

108 1817 290 1880 ὀφρύων
312 1836 362 1865 τε
384 1820 436 1864 τὸ
459 1816 711 1880 εὔγραμμον
732 1845 804 1853 --
826 1845 896 1853 —-
918 1825 993 1865 καὶ
1015 1823 1107 1865 τῶν
1129 1816 1384 1878 ὀφθαλμῶν
1413 1820 1463 1864 δὲ
1485 1820 1538 1878 τὸ
1561 1818 1697 1880 ὖγρόν

108 1889 204 1949 ἅμα
226 1893 290 1951 τῷ
312 1889 489 1951 φαιδρῷ
510 1894 586 1935 καὶ
606 1892 922 1951 κεχαρισμένῳ.
970 1889 1361 1937 Cf.Athen.XIII.
1386 1891 1627 1949 p.591.A.
1638 1890 1695 1935 Β.

109 1980 154 2022 p.
177 1966 290 2008 585.
308 1961 367 2005 F.
399 1961 571 2004 Iacobs.
593 1960 638 2003 in
658 1961 880 2005 Wieland.
896 1962 1009 2005 Mus.
1031 1962 1127 2004 Att.
1152 1961 1208 2003 T.
1228 1961 1322 2004 III.
1346 1976 1388 2018 p.
1413 1965 1495 2006 23.
1519 1962 1601 2005 49.
1624 1985 1696 1994 ——-

107 2031 169 2078 Vt
192 2030 394 2091 Myronis
417 2029 619 2075 buculam
635 2062 659 2084 ‚.
685 2029 745 2074 ita
772 2029 1012 2076 Praxitelis
1038 2030 1257 2075 Venerem
1283 2029 1487 2075 Cnidiam
1515 2029 1695 2090 plurimi

108 2108 267 2161 poetae
299 2100 566 2146 carminibus
597 2100 902 2156 celebrarunt3
955 2101 1013 2146 cf.
1046 2101 1180 2145 Anth.
1212 2103 1296 2146 Gr.
1328 2100 1413 2147 IV.
1453 2108 1540 2156 12,
1582 2106 1695 2148 160.

109 2170 338 2233 (Append.
375 2171 553 2216 Anthol.
588 2171 687 2216 Pal.
720 2172 859 2217 Τ.ΙΙ.
897 2188 939 2232 p.
964 2177 1027 2219 67
1035 2170 1105 2233 4.)
1137 2171 1267 2216 Anal.
1299 2171 1499 2217 Brunck.
1527 2172 1608 2217 IV.
1648 2177 1694 2217 6.

108 2259 152 2302 p·
181 2244 293 2290 442.
319 2243 431 2287 XII.
461 2248 505 2288 7.
542 2259 586 2302 p·
613 2244 726 2289 462.
761 2245 924 2288 Auson.
959 2243 1121 2307 Epigr3
1140 2245 1221 2290 57.
1265 2241 1401 2287 Patet
1426 2258 1535 2287 uero
1559 2242 1691 2286 simul

110 2329 212 2358 cum
248 2329 303 2359 ex
324 2313 486 2358 ‚Eueni
519 2321 615 2358 tum
647 2328 703 2359 ex
737 2313 820 2360 hoc
853 2314 1056 2360 Platonis
1086 2311 1245 2376 (Anth.
1273 2312 1371 2358 Pal.
1395 2314 1459 2359 ΙΙ.
1482 2330 1524 2374 p.
1546 2311 1694 2375 675.)

111 2384 457 2444 epigrammate:
489 2392 494 2399 '
817 2377 826 2389 ⁶
1241 2437 1243 2439 ¹

249 2451 352 2500 οὕτε
375 2468 428 2500 σε
451 2456 720 2516 Πραξιτέλης
742 2452 1017 2510 τεχνάσατο,
1053 2452 1160 2501 οὗθ’
1188 2451 1211 2500 ὅ
1236 2454 1438 2515 σίδαρος·

176 2569 178 2571 .
385 2523 486 2569 ’ἄλλ’
511 2524 654 2571 οὕτων
678 2525 829 2584 ἔστης,
866 2524 914 2576 ὅς
942 2543 1055 2571 ποτε
1074 2527 1320 2586 κρινομένη.

108 2594 313 2640 Cnidiam
346 2597 568 2642 Venerem
611 2596 742 2642 talem
777 2596 911 2641 fuisse
934 2598 999 2654 *ab
1030 2596 1218 2642 artificio
1253 2594 1473 2649 effictam,
1516 2595 1694 2655 qualem

107 2681 205 2710 eam
238 2665 504 2711 indicauerit
537 2667 693 2721 Paris,
735 2666 762 2710 i.
794 2682 835 2710 e.
867 2666 1047 2712 nudam.
1093 2666 1165 2711 Cf.
1188 2666 1342 2725 Heyn.
1367 2665 1412 2709 in
1439 2666 1696 2712 Comment-

108 2736 271 2782 Societ.
297 2736 503 2797 Gotting.
535 2737 591 2781 T.
616 2737 677 2782 X.
707 2753 752 2797 p.
784 2741 899 2783 106.

163 2898 198 2947 *)
217 2897 280 2937 Cf.
302 2899 456 2939 Lucian.
476 2896 612 2941 Amor.
637 2905 703 2943 15.
721 2914 782 2958 sq.
830 2903 955 2944 Valer.
971 2902 1075 2942 Max.
1093 2901 1209 2943 VIII.
1237 2906 1306 2953 11,
1327 2904 1368 2945 4.
1414 2898 1554 2942 Athen.
1569 2900 1692 2941 XIII.

170 2982 177 2986 -
222 2969 263 3009 p.
286 2962 384 3000 605.
415 2959 458 2999 F.
481 2963 580 3002 606.
601 2958 650 2999 A.
