1943 3223
167 367 313 417 Sed
309 368 437 417 iam
445 343 540 425 iis5
544 379 691 427 quae
686 365 1077 426 disputauimus,
1067 365 1145 411 id
1166 365 1377 413 effecisse
1407 373 1618 427 putamus
1650 375 1701 413 ut

106 437 385 489 dubitationi
409 451 511 482 non
508 436 726 501 amplius
739 437 985 481 obnoxium
1019 436 1076 482 sit
1110 426 1339 492 futurum,
1381 439 1487 498 quin
1524 445 1573 483 et
1608 444 1701 482 tres

111 512 302 573 priores
306 514 369 553 et
376 507 531 554 decem
551 505 826 573 posteriores
847 518 1004 552 uersus
1026 521 1082 553 ex
1091 502 1301 553 Chirone
1313 508 1544 554 comoedia
1568 507 1700 569 petiti

110 588 173 635 et
181 576 245 627 a‘d
277 562 634 624 similitudinem·
644 574 966 643 Hesiodiorum
997 577 1279 640 quorundam
1301 591 1523 623 uersuum
1558 577 1699 625 efficti

110 650 232 700 sint.
270 650 405 701 Quae
418 642 599 710 quidem
620 647 781 695 fabula
795 647 891 694 sine
920 649 1053 695 dubio
1081 649 1361 697 Chironis
1393 650 1571 694 nomine
1594 663 1700 709 pro·-

109 721 264 783 pt'erea
286 720 498 781 inscripta
521 720 654 775 fuit,
655 716 821 780 quod·
803 734 854 764 ιιι
878 731 931 764 ea
948 727 1107 779 poeta,
1144 728 1193 766 ut
1219 720 1389 787 Chiron
1417 719 1525 765 olim
1551 720 1700 765 Achil-

110 793 158 848 11,
170 790 236 853 *)
248 789 397 851 ipsius
419 789 699 854 aequalibus
694 791 871 835 multa
877 790 1217 850 praecipiebas
1243 783 1346 837 ιιιιιιι
1378 790 1588 836 Chironis
1621 804 1700 835 no-

111 870 211 908 men
247 860 369 925 apud
404 868 580 906 ueteres
612 860 658 904 iu
691 859 916 919 prouerbii
947 873 1076 906 usum
1108 857 1250 905 abisse
1281 868 1329 906 et
1357 862 1541 906 omuino
1569 874 1701 921 prae—

110 938 337 993 captorem
361 918 637 991 significasse
656 929 858 986 uidetur,
874 928 943 990 ‘*)·
971 932 1097 976 uelut
1127 945 1168 975 a
1179 927 1394 976 Romanis
1397 940 1517 997 post
1540 933 1701 992 Augu-

110 1011 226 1051 stum
242 1017 390 1062 paene
407 1002 595 1062 quisque
613 1001 776 1046 artium
796 1001 943 1046 fautor
961 984 1299 1062 studiorumque
1319 989 1530 1062 pati-onus
1548 1002 1700 1048 Mae-

109 1088 272 1127 cenas
304 1073 449 1124 dictus
474 1080 557 1118 est.
604 1071 696 1133 (cf.
719 1072 923 1117 Martial.
948 1072 1085 1118 VIII.
1112 1075 1194 1120 56
1207 1070 1234 1133 )
1310 1070 1438 1117 Inter
1463 1080 1699 1132 praecepta

110 1156 245 1199 uero,
268 1158 395 1204 quae
419 1150 550 1203 poeta
572 1143 770 1189 comicus
790 1142 1047 1203 aequalibus
1070 1142 1357 1202 proponenda
1381 1144 1570 1198 censuit,
1603 1143 1701 1187 fue·

108 1221 216 1259 runt
254 1214 387 1258 etiam
421 1213 588 1272 monita
621 1212 678 1258 de
711 1211 1008 1257 emendanda
1030 1205 1365 1257 tractandorum
1408 1214 1700 1272 conuiuarum

108 1267 305 1338 rationem
337 1276 480 1344 quare
503 1292 643 1343 quum
667 1298 720 1336 ea
744 1282 801 1328 de
826 1298 876 1328 re
899 1283 1088 1329 Euenus
1112 1296 1291 1343 quoque
1315 1284 1574 1338 cecinisset,
1611 1298 1698 1328 non

109 1354 331 1416 dubitauit
364 1352 669 1398 Pherecrates
693 1353 772 1399 uel
797 1354 1051 1425 quicunque
1076 1352 1326 1398 Chironem
1362 1354 1537 1414 scripsit
1567 1353 1699 1399 huius

108 1408 284 1470 uerlia
270 1439 314 1470 ιιι
342 1434 469 1469 usum
494 1438 623 1470 snum
647 1420 935 1480 conuertere,
971 1422 1092 1484 quod
1124 1422 1377 1484 saepissime
1407 1439 1433 1470 a
1458 1424 1600 1484 poetis
1620 1437 1698 1470 oo-

109 1493 231 1541 micis
254 1495 420 1539 sactum
444 1508 539 1538 esse
563 1495 783 1539 neminem
809 1493 942 1554 fugit.
968 1494 1052 1554 m)

163 1657 199 1704 *)
219 1654 330 1695 Suid.
357 1669 388 1694 s.
411 1667 451 1694 v.
468 1657 638 1704 Χείρων·
668 1649 910 1710 Κενταῦρος,
937 1653 981 1699 ὃς
1007 1645 1342 1708 manicasse-senes·
1362 1655 1536 1704 ἰατρικὴν
1554 1654 1617 1694 διὰ
1636 1656 1699 1706 βο-

147 1728 150 1731 ·
219 1711 362 1753 νάνων.
392 1711 600 1761 ὑποθήκας
624 1713 677 1753 δι’
705 1713 824 1766 ἐπῶν,
853 1711 900 1756 ἃς
924 1719 1092 1753 ποιεῖται
1110 1713 1208 1763 πρὸς
1223 1713 1388 1761 Ἀχιλλέα.
1427 1713 1479 1753 of.
1500 1711 1696 1754 Heinrich.

223 1771 428 1811 demonstr.
448 1769 526 1810 loc.
547 1771 644 1811 Plat.
665 1785 687 1811 e
703 1772 806 1812 Prot.
836 1786 878 1825 p.
900 1776 971 1814 28.

143 1831 199 1878 **)
217 1829 284 1869 Sic
302 1842 402 1870 cum
413 1829 521 1874 Elato
541 1828 711 1869 comicus
738 1844 803 1894 ap.
827 1830 928 1870 Plut.
949 1829 1021 1870 uit.
1042 1829 1175 1869 Pericl.
1200 1844 1236 1869 c.
1258 1831 1299 1870 4.
1321 1828 1437 1869 faciat
1457 1838 1696 1884 quaerentem

220 1887 390 2002 aliquem
411 1899 456 1925 ex
476 1885 651 1925 Damone
670 1887 842 1958 musico:

381 1945 538 1992 Πρῶτον
567 1944 638 1993 μὲν
666 1939 739 1983 οὖν
767 1959 834 1993 μοι
840 1943 988 1993 λέξον,
1018 1944 1214 1993 α’ντιβολῶ·
1237 1956 1293 1982 συ
1322 1941 1396 1993 γὰρ

325 1998 429 2044 «Bc
457 2014 594 2049 φασιν,
613 1996 653 2040 'AE
669 2005 849 2051 ·Χείρων,
865 2002 1093 2050 ἐξέθρεψας
1120 2002 1329 2050 Περικλὲας

126 2094 133 2102 ,
222 2056 391 2099 musicae
406 2059 605 2099 doctorem
621 2059 823 2113 significari
842 2067 960 2112 patet.
1368 2088 1374 2094 .

126 2118 200 2166 Μ)
219 2117 344 2157 Multa
364 2117 410 2158 de
430 2117 666 2158 difficillimo
691 2119 765 2158 isto
784 2117 971 2158 Athenaei
996 2118 1097 2158 loco
1105 2117 1335 2170 disputanda
1356 2124 1579 2170 supersunt,
1607 2131 1697 2157 ma-

220 2175 324 2215 xime
343 2174 390 2222 de
408 2174 550 2227 uerbis:
580 2173 680 2224 ἅπερ
706 2175 831 2216 πάντα
858 2176 900 2215 ἐκ
921 2178 995 2214 τῶν
1015 2177 1070 2218 εἰς
1085 2175 1267 2215 Ησίοδον
1286 2175 1587 2225 ἀναφερομένων
1615 2190 1695 2224 με·

220 2232 373 2283 γᾶλων
398 2233 570 2272 Ἠοιῶν
598 2234 663 2273 καὶ
692 2233 910 2284 μεγάλων
929 2229 1112 2283 Ἔργων
1140 2232 1378 2285 παρῴδηταις
1408 2234 1472 2273 sed
1493 2247 1616 2288 quum
1644 2233 1695 2273 ad

220 2287 394 2330 Euenum
425 2287 523 2330 nihil
552 2290 668 2332 saciat
693 2292 809 2342 scire,
838 2307 919 2348 quo
940 2291 979 2330 in
999 2291 1155 2331 Hesiodi
1176 2292 1342 2331 carmine
1361 2292 1448 2331 lecti
1468 2291 1540 2330 sint
1552 2319 1566 2340 ,
1595 2305 1694 2345 quos

219 2348 372 2389 irriserit
390 2356 502 2402 poeta
521 2349 692 2390 comicus
712 2365 862 2400 uersus,
892 2352 1009 2390 finem
1030 2358 1175 2390 nostrae
1195 2350 1241 2390 de
1260 2349 1445 2390 Athenaei
1465 2348 1589 2389 uerbis
1609 2349 1695 2388 dis-

220 2406 410 2458 putationi
438 2407 706 2459 imposuimus.
766 2410 910 2451 Tamen
933 2422 978 2447 ne
997 2421 1150 2461 prorsus
1167 2407 1392 2462 ’ἀσύμβολος
1409 2406 1530 2446 abisse
1549 2406 1696 2455 uidear,

221 2476 322 2518 quae
353 2464 473 2505 sentio
508 2464 649 2505 dicam.
713 2464 815 2506 Mihi
843 2467 968 2516 enim,
1004 2478 1243 2522 quamquam
1274 2465 1552 2517 corruptelam,
1594 2479 1695 2519 quae

220 2525 348 2575 aperte
366 2521 551 2562 Athenaei
571 2523 696 2564 uerbis
715 2525 833 2575 inest,
861 2525 1048 2577 explicare
1069 2534 1153 2564 non'
1157 2530 1341 2579 possum,
1379 2523 1409 2562 si
1432 2521 1531 2577 quid
1551 2537 1597 2562 ex
1618 2538 1695 2564 no-

220 2581 322 2619 mine
341 2580 491 2621 fabulae
511 2590 807 2637 argumentoque
822 2583 993 2623 Hesiodii
1010 2582 1204 2631 carminis,
1221 2582 1330 2640 quod
1342 2581 1543 2630 ὑποθῆκαι
1554 2585 1695 2631 Χείρω-

181 2687 185 2691 -
218 2652 284 2681 νος
303 2639 534 2695 inscriptum·
546 2640 649 2691 fait,
656 2640 784 2694 colligi
804 2649 944 2713 potest,
956 2640 1200 2688 Pherecrates
1216 2638 1285 2679 -uel
1301 2640 1527 2695 quicunque
1547 2640 1694 2679 Chiro..

112 2714 114 2716 ·
184 2726 186 2728 .
221 2704 306 2735 nem
327 2696 462 2745 finxit,
491 2696 531 2736 in
550 2696 629 2737 hoc
646 2698 781 2738 sabula
802 2698 1012 2748 υποθήκας
1035 2702 1227 2751 Χείρωνος
1250 2711 1317 2750 per
1341 2699 1543 2751 perediam
1564 2698 1694 2737 lusisse

195 2776 198 2779 >
219 2754 383 2794 uidetur.·
425 2754 525 2794 Nam
546 2767 635 2795 cum
653 2756 843 2796 Hesiodii
847 2758 1021 2798 carminis
1040 2757 1186 2797 titulus
1192 2754 1416 2806 (ὑποθῆκαι
1434 2758 1495 2796 uel
1515 2756 1693 2803 παραινέ-

219 2816 312 2857 σεις)
341 2819 423 2852 sum
451 2812 559 2854 locus
584 2812 707 2854 schol.
736 2815 847 2856 Pind.
875 2814 989 2869 Pyth.
1018 2816 1090 2856 VI.
1113 2802 1189 2855 16.
1215 2815 1378 2866 docent,
1406 2813 1612 2855 Chironem
1641 2814 1692 2854 ab

219 2869 387 2910 Hesiodo
414 2872 562 2910 fictum
579 2885 653 2912 esse
677 2867 872 2929 Achillem
902 2868 1180 2921 instituentem3
1209 2887 1325 2928 supra
1350 2882 1475 2915 autem
1503 2871 1692 2938 uidimus,

216 2935 372 2977 poetam
400 2928 513 2968 etiam
543 2928 583 2968 in
607 2927 792 2971 Chirone
811 2933 1012 2973 comoedia
1038 2932 1262 2998 aequalibus
1297 2934 1418 2972 multa
1443 2931 1692 2997 praecepisse,

220 2984 317 3038 quid
337 2986 452 3041 igitur
471 2986 549 3027 ueri
570 2995 622 3029 est
641 2987 829 3042 similius,
859 3004 977 3047 quam
999 2991 1192 3033 comicum
1216 2990 1254 3031 in
1275 2988 1501 3031 dedocendis
1523 2989 1583 3031 sui
1604 2988 1687 3030 aeui
