1943 3223
111 377 389 442 Theognidis
403 377 600 423 editores
611 374 678 424 nd«
687 374 1000 437 Theognideus
1017 384 1248 423 auctorem
1263 378 1528 433 retulerunt,
1545 375 1693 438 (uere.

116 448 391 505 1⁴2ozss‘Wk.
416 450 532 495 47τὲ-
554 445 671 511 Bk.)
692 447 977 507 itm-quidem,
1005 452 1055 492 ut
1076 447 1321 493 arctissime
1341 463 1442 497 cum
1466 448 1566 495 aliis
1590 463 1692 493 uer-

109 527 227 572 sibus
248 520 515 569 eoniuuotus=
531 519 603 564 sit.
663 521 723 565 At
745 518 822 578 qui
845 518 996 578 paullo
1017 516 1278 579 diligentins
1301 517 1461 565 horum
1477 532 1692 565 uersuum

72 599 76 603 ⁴
110 606 273 641 nexum
290 589 641 646 considerauerit
658 587 1018 651 memineritque,
1034 590 1225 649 saepius
1240 588 1444 649 singulos
1461 603 1615 635 uersus
1633 605 1691 636 ex

111 661 253 712 totius.
262 658 497 706 cuiusdam·
506 660 715 704 carminis
735 659 1025 704 continuitate
1041 661 1098 704 ab
1117 659 1331 704 orationis
1353 659 1571 718 pedestris
1585 662 1693 705 scri-

109 733 308 797 ptoribus
330 729 507 775 euulsos
531 745 658 783 esse,
672 738 729 774 'ut
749 729 943 789 aliquam
966 725 1228 775 sententiam
1256 729 1498 776 lectoribus
1520 729 1694 775 adiecto

108 803 218 849 clari
236 808 394 861 poetae
409 797 661 845 testimonio
678 799 1013 862 probabi-liorem
1035 800 1290 855 redderent,
1314 799 1385 860 (id
1396 799 1518 861 quod
1527 800 1692 846 sactum

109 874 244 920 etiam
268 870 491 922 uidemus,
514 877 564 915 ut
587 870 723 915 unum
739 869 898 914 saltem
919 869 1170 929 exemplum
1194 872 1451 927 afferamus,
1475 871 1519 916 in
1545 870 1695 916 Phieni

107 942 365 995 carm.;IV.',
389 944 545 999 utpote
567 940 695 984 euius
718 954 874 988 uersus
890 947 1075 999 quartus
1096 942 1153 984 ab
1176 941 1403 986 Athenaeo
1420 943 1481 986 X.
1506 957 1551 1001 p.
1576 945 1693 988 429.

107 1014 165 1060 F.
189 1010 445 1071 singillatim
472 1009 634 1055 citatus
665 1008 771 1070 sit),
808 1010 845 1054 is
876 1010 1036 1065 etiam,
1069 1009 1234 1065 credo,
1268 1026 1406 1070 aegre
1437 1012 1694 1066 affirmabit,

109 1089 433 1141 pentametrum
454 1080 647 1138 >quidem
683 1081 814 1124 istum
843 1081 904 1123 ab
936 1081 1121 1133 Eueno,
1163 1088 1337 1124 ceteros
1360 1089 1507 1125 autem
1540 1097 1694 1126 uersus

107 1153 163 1195 ab
186 1150 273 1196 alio
298 1158 426 1209 poeta
452 1149 623 1194 effictos
646 1165 757 1202 esse,
790 1150 1027 1208 praecipue
1050 1150 1086 1194 si
1112 1157 1259 1194 mente
1284 1150 1465 1209 insuper
1485 1151 1693 1205 uoluerit,

107 1237 221 1281 quae
237 1217 476 1266 ab'Vlricio
500 1217 650 1279 (Hist.
669 1234 820 1279 graec.
841 1233 959 1279 poes.
978 1221 1040 1264 ΙΙ.
1066 1235 1110 1279 p.
1124 1219 1267 1280 448.)
1292 1221 1530 1266 Welckero
1551 1220 1692 1282 (Pro-

107 1292 198 1351 leg.
218 1291 478 1350 Theogn.),
515 1291 575 1334 N.
600 1290 767 1334 Baebio
790 1290 847 1335 ad
871 1290 1024 1334 Solon.
1048 1305 1092 1349 p.
1112 1296 1190 1345 18,
1224 1290 1336 1347 aliis,
1371 1290 1428 1335 de
1454 1292 1566 1336 mala
1595 1308 1692 1337 car·-

106 1363 275 1406 minum
318 1360 714 1420 Theogn-ideorum
753 1359 1006 1405 conditione
1036 1360 1260 1421 disputata
1292 1369 1406 1406 sunt.
1486 1362 1573 1413 Qui
1608 1363 1692 1406 uiri

106 1431 225 1476 docti
258 1431 575 1484 ostenderunt,
610 1430 838 1489 irrepsisse
867 1431 912 1474 in
937 1431 1093 1474 horum
1118 1432 1363 1476 carminum
1387 1431 1691 1477 collectionem

106 1501 294 1545 aliorum
324 1515 500 1560 quoque
524 1507 757 1558 poetarum
783 1507 1006 1559 poemata3
1032 1500 1223 1559 iamque
1252 1501 1515 1545 nouissimus
1544 1502 1692 1546 Theo-

104 1570 255 1631 ¹gnidis
274 1570 420 1616 editor
438 1569 704 1615 Welckerus
715 1570 912 1625 Solonis,
946 1569 1152 1628 Tyrtaei‚
1188 1570 1460 1625 Mimnermi,
1495 1578 1545 1616 et
1566 1573 1694 1631 igno-

106 1634 252 1685 torum
277 1639 510 1699 poetarum
534 1637 752 1698 quaedam
779 1641 839 1684 'ab
872 1639 959 1683 illis
981 1640 1245 1699 segregauit
1276 1638 1367 1699 (cf.
1393 1641 1568 1686 Welok.
1596 1642 1625 1686 l.
1654 1660 1690 1687 c.

106 1729 150 1771 p.
178 1710 359 1756 LXIII.
388 1727 454 1769 sq.
475 1709 768 1754 CXXXVII.
786 1709 903 1769 sq.);
949 1726 1089 1768 quare
1114 1710 1285 1755 nullum
1319 1710 1414 1756 sore
1449 1720 1583 1771 puto,
1618 1705 1707 1772 qui

106 1780 310 1834 miretur,
334 1779 452 1839 quod
477 1795 503 1823 a
519 1778 965 1838 Theognidisssueni
987 1795 1142 1823 uersus
1165 1780 1377 1840 quosdam
1403 1783 1696 1826 secernendos

107 1851 308 1903 dicimus.
356 1849 488 1901 Quod
506 1850 754 1910 quinrecte
772 1850 867 1904 fiat,
891 1849 1073 1907 dubium
1099 1865 1182 1894 non
1207 1850 1432 1896 uidebitur
1453 1855 1693 1911 reputanti,

108 1921 345 1966 Aristotele
371 1927 554 1967 auctore
586 1920 759 1978 (Polit.
783 1921 823 1963 I.
851 1925 898 1966 3.
926 1920 1005 1979 9.)
1040 1921 1126 1964 tria
1152 1920 1337 1965 disticha
1365 1937 1391 1965 e
1417 1922 1694 1981 Theognidis

107 1992 375 2037 carminibus
393 1988 717 2050 (Theogn.·ed.
737 1990 911 2035 Welek.
934 2006 1047 2035 uers.
1076 1995 1204 2037 1197
1231 2007 1294 2050 sq.
1320 1991 1391 2036 ed.
1416 1991 1561 2037 Bekk.
1591 2000 1690 2040 227

106 2061 199 2123 sq.)
233 2062 384 2107 Soloni
409 2060 579 2104 auctori
602 2076 698 2104 esse
722 2060 925 2104 restituta
940 2092 952 2112 ,
991 2067 1126 2118 atque
1159 2059 1229 2104 hic
1262 2062 1459 2120 quinque
1483 2062 1692 2108 disticho-

109 2148 207 2178 rum
234 2134 392 2178 Eueno
418 2129 781 2175 uindicandorum
815 2130 881 2174 bis
910 2129 1192 2175 Aristotelem
1226 2129 1306 2189 (ll.
1336 2131 1437 2192 cc.)
1468 2134 1694 2193 semelque

108 2204 287 2263 insuper
308 2201 599 2246 Plutarchum
620 2200 819 2246 extitisse
834 2197 1079 2244 auctorem.
1138 2202 1299 2246 Eueno
1324 2203 1464 2262 igitur
1488 2203 1566 2248 hos
1593 2220 1693 2247 uer-

107 2289 180 2319 sus
204 2274 401 2319 tribuere
426 2287 512 2316 non
538 2270 812 2317 dubitamus:

247 2343 437 2403 Μηδένα
459 2345 551 2387 τῶν
573 2340 618 2386 δ’
642 2338 833 2386 ἀέκοντα
854 2344 1006 2398 μένειν
1027 2345 1235 2402 κατέρυκε
1257 2340 1365 2404 παρ’
1389 2341 1509 2403 ἥμΐν,

381 2413 490 2471 μηδὲ
512 2411 680 2472 θύραζε
701 2409 847 2457 κέλευ’
871 2409 949 2458 οὗκ
972 2411 1182 2458 ἐθέλοντ’
1210 2414 1361 2474 ἰέναιῄ

247 2481 354 2542 μήθ’
379 2480 546 2528 εὕδοντ’
570 2483 794 2542 ἐπέγειρε,
831 2483 1083 2541 Σιμωνίδη,
1121 2481 1175 2528 ὃν
1196 2480 1286 2527 τιν’
1320 2480 1379 2527 ἂν
1400 2480 1524 2541 ἢμῶν

380 2550 658 2614 θωρηχθέντ’
679 2554 789 2612 ὀἴνῳ
812 2554 1045 2610 μαλθακὸς
1065 2552 1204 2602 ὕπνος
1226 2554 1317 2616 ἕλῃ,

247 2623 355 2683 μήτε
376 2624 457 2669 τὸν
480 2622 788 2684 ἄγρυπνέοντα
810 2621 947 2668 κέλευ’
968 2621 1157 2668 ἀέκοντα
1179 2621 1417 2668 καθεύδειν
1432 2639 1444 2649 ·

302 2744 303 2747 Ἰ
381 2683 478 2741 πᾶν
501 2695 584 2755 γὰρ
607 2691 852 2755 ἀναγκαῖον
868 2691 996 2755 χρῆμ’
1021 2690 1204 2754 ἀνιηρὸν
1228 2693 1313 2754 ἔφυ
1327 2728 1339 2740 .

248 2768 312 2825 τῷ
335 2769 486 2811 πίνειν
508 2763 555 2809 δ’
581 2764 1108 2826 ἐθέλοντιπαρασταδόν
1131 2765 1410 2820 οἰνοχοείτω·

384 2833 436 2882 οὗ
461 2834 613 2887 πάσας
635 2834 793 2889 νύκτας
816 2841 1008 2894 γίγνεται
1031 2832 1147 2896 ἆβρά
1170 2841 1365 2884 παθεῖν.

249 2905 393 2967 αὐτὰρ
418 2906 501 2963 ἐγώ
523 2931 597 2939 -
618 2909 783 2968 μέτρον
805 2908 891 2969 γὰρ
913 2907 997 2964 ἔχω
1019 2906 1245 2967 μελιηδέος
1268 2910 1392 2955 οἴνου
1426 2932 1493 2941 —

386 2976 530 3024 ὕπνου
555 2976 791 3025 λυσικᾶκου
815 2976 1040 3039 μνήσομαι
1063 2977 1208 3026 οἰκαδ’
1233 2978 1326 3025 ἰών.
