1943 3223
884 129 968 181 ΙΙ

134 300 366 348 Euenus
389 295 447 340 Si
457 281 523 339 c’u
538 293 621 338 lus
644 293 681 338 is
704 300 789 348 est,
823 285 958 353 quem
975 293 1136 338 Suidas
1162 292 1232 338 uel
1258 295 1510 355 quicunque
1533 309 1560 338 a
1579 294 1718 339 Suida

135 370 383 430 exscriptus
395 370 483 420 est,
509 363 685 409 Philisti
699 363 1183 424 praeceptoremdixit.
1246 357 1369 409 Nihil
1390 364 1567 425 quidem
1588 380 1718 424 prae-

135 449 257 486 terea
291 436 348 482 de
368 425 465 481 lioc
495 434 656 480 Eueno
688 433 874 487 scimus,
909 433 987 479 sed
1020 433 1057 477 is
1090 435 1269 479 omnino
1292 449 1500 495 magnam
1524 437 1718 498 gloriam

135 525 222 555 non
256 507 436 553 uidetur
463 505 654 566 adeptus
680 516 810 559 esse,
844 503 962 565 quod
994 504 1194 564 profecto
1228 506 1512 551 mirumnon
1537 508 1644 562 erit,
1681 508 1718 552 si

133 580 237 625 talia
263 586 433 623 tantum
450 576 629 637 ,quale
653 582 721 620 est
743 590 922 620 carmen
956 577 1041 631 14,
1077 577 1221 622 finxit.
1257 603 1329 611 —-
1372 577 1533 622 Eueno
1565 594 1718 637 gram-

133 646 293 695 matico
341 647 534 706 denique
580 646 839 709 ceteroquin
883 645 1036 705 ignoto
1074 646 1286 693 Reiskius
1328 663 1508 694 carmen
1524 680 1536 703 ‚
1597 649 1717 707 quod

133 719 292 780 (Anth.
333 717 430 762 Pal.
456 717 537 762 VI.
570 713 709 775 170.)
745 716 789 760 in
823 711 977 761 Const.
1010 717 1231 775 Cephalae
1259 718 1531 780 Anthologia
1569 718 1717 763 ΘῩΗ-
1808 719 1811 723 ”

132 790 328 842 AAOY,
364 789 407 832 in
434 785 641 832 Palatino
665 794 815 832 autem
849 787 1039 833 θυιλαου
1072 788 1331 847 inscriptum
1356 798 1446 844 est,
1485 789 1717 848 assignare

135 860 299 915 uoluit,
334 865 593 918 corruptum
619 856 729 901 illud
759 856 957 902 iudicans
989 872 1043 902 ex
1076 858 1371 911 EYHNOY3
1416 860 1494 905 sed
1520 860 1718 904 Palatini

133 932 351 990 scriptura
386 929 541 983 docet,
576 927 857 973 scribendum
891 944 985 973 esse
1021 927 1314 974 ΘῩΙΛΛΟῩ
1337 937 1384 974 et
1415 946 1569 989 poema
1604 930 1716 975 illud

133 999 416 1046 referendum
450 1015 546 1044 esse
577 998 633 1044 ad
665 994 877 1058 Satyrum
900 994 1171 1059 *rhyillum
1215 999 1273 1045 de
1305 1014 1393 1060 quo
1422 1000 1551 1059 plura
1584 1001 1717 1047 habet

132 1071 358 1115 Iacobsius
380 1070 424 1114 in
449 1069 642 1130 catalog.
667 1076 785 1128 poet.
811 1069 947 1114 Anth.
978 1071 1060 1119 Gr.
1086 1069 1144 1114 T.
1165 1070 1305 1114 XIII.

223 1140 312 1186 His
344 1140 595 1201 praemissis
627 1147 854 1199 superest,
877 1147 942 1185 ut
964 1139 1113 1184 Eueni
1139 1154 1299 1206 nomen
1329 1139 1448 1200 apud
1472 1140 1580 1185 alios
1605 1157 1715 1201 quo-

130 1227 243 1270 que,
287 1227 420 1270 quam
462 1228 573 1271 quos
614 1225 748 1270 supra
784 1211 1527 1269 commemorauimusscriptorem
1571 1212 1716 1271 negli-

127 1280 281 1340 gentia
306 1282 378 1326 uel
401 1281 572 1328 inscitia
598 1281 877 1327 librariorum
903 1281 1196 1341 depr-anatum
1221 1281 1412 1326 inueniri
1436 1280 1713 1328 adnotemus.

128 1352 200 1395 Ita
224 1368 263 1395 e.
287 1367 327 1395 c.
352 1360 633 1411 comparatus
659 1361 726 1397 est
750 1353 872 1397 locus
896 1353 1141 1397 Censorino
1165 1353 1411 1407 subiectus,
1454 1353 1528 1397 ubi
1562 1352 1637 1412 (c.
1667 1360 1713 1399 9.

129 1436 173 1480 p.
190 1422 300 1467 140.
326 1421 397 1466 ed.
417 1423 717 1483 Havercamp.
743 1422 881 1481 uulgo
905 1421 1013 1467 haec
1036 1421 1323 1481 legebantur:
1345 1447 1415 1455 —
1439 1422 1551 1477 „hos
1574 1423 1716 1467 secuti

129 1492 330 1551 elegiarii
365 1493 659 1538 Callimachus
700 1487 1021 1552 (Callinus?)‚
1068 1492 1389 1546 Mimnermus,
1434 1492 1717 1539 Euhemerus

128 1561 411 1623 (Euenus).“
474 1564 544 1609 Cf.
571 1564 662 1609 Iac.
688 1564 792 1609 Nic.
817 1564 1003 1610 LoiSnsis
1028 1563 1071 1608 in
1096 1563 1285 1610 Miscell.
1309 1561 1539 1623 Epiphyll.
1574 1564 1601 1609 Ι.
1627 1564 1715 1610 IX.

127 1650 167 1677 c.
208 1640 247 1678 1.
294 1631 372 1693 (p.
403 1640 518 1681 686.
564 1635 606 1678 in
648 1635 834 1679 Gruteri
872 1634 1091 1694 Lampad.
1133 1636 1233 1679 crit.
1280 1635 1411 1679 Tom.
1437 1635 1491 1678 V.
1531 1636 1716 1696 suppl.)

127 1703 276 1747 dein.
310 1705 353 1747 in
389 1704 488 1749 hist.
522 1704 647 1749 acad.
679 1704 877 1764 inscript.
922 1704 1068 1754 Paris.
1103 1705 1160 1749 T.
1186 1703 1280 1750 III.
1314 1721 1357 1764 p.
1397 1710 1510 1751 129.
1565 1706 1717 1751 Bentl.

128 1781 174 1818 et
210 1773 391 1819 Ruhnk.
427 1775 483 1821 ad
521 1774 696 1820 Callim-
734 1774 897 1834 fragm.
943 1791 986 1834 p.
1022 1777 1137 1821 439.
1174 1772 1280 1836 (ed.
1308 1773 1526 1836 Ernest.)
1565 1776 1715 1821 Valer.

129 1844 375 1889 Emendat.
413 1845 443 1889 l.
469 1845 553 1889 IV.
589 1861 630 1890 c.
662 1846 739 1890 14.
777 1861 819 1904 p.
857 1850 969 1891 116.
1006 1861 1071 1905 sq.
1110 1870 1179 1878 —
1214 1844 1303 1890 Sed
1339 1845 1448 1890 haec
1483 1845 1711 1891 hactenus.

877 2077 952 2114 11.

380 2191 937 2257 Evmolwm
984 2185 1457 2256 cARmA.
1548 2272 1554 2281 ‚

222 2381 284 2425 Vt
309 2382 453 2427 ubiuis
477 2382 520 2426 in
547 2398 597 2428 re
620 2384 896 2428 Graecorum
923 2380 1145 2436 literaria,
1181 2380 1243 2425 ita
1267 2381 1311 2424 in
1338 2379 1564 2425 tradendis
1588 2381 1712 2427 Eue·

130 2466 287 2496 norum
321 2453 587 2498 carminibus
611 2460 733 2497 tanta
757 2453 842 2497 fuit
869 2459 1118 2511 temporum
1152 2450 1341 2505 inuidia,
1376 2458 1427 2494 ut
1450 2451 1588 2495 XVII
1613 2459 1714 2498 tan-

128 2528 222 2567 tum
248 2523 293 2584 ²⁸)
313 2530 396 2568 ,tot
420 2531 649 2583 poetarum
675 2530 879 2584 poemata
904 2523 1028 2568 nobis
1052 2521 1205 2567 relicta
1228 2521 1331 2575 sint,
1366 2536 1480 2580 quae
1505 2521 1716 2585 deinceps

128 2591 303 2653 singula
324 2596 681 2640 enumerabimus
696 2594 991 2654 breuibusque
1009 2591 1364 2638 adnotationibus
1382 2591 1715 2640 illustrabimus.

188 2731 223 2779 *)
242 2731 404 2778 Fabric„
420 2733 467 2772 T.
497 2733 531 2772 I.
564 2747 605 2786 p.
629 2736 727 2774 738.
762 2731 821 2771 ed.
849 2732 956 2772 Harl.
972 2738 1106 2771 ‘narrat
1133 2738 1286 2771 auctore
1313 2731 1526 2782 Bandinio‚
1563 2731 1714 2786 aliquot

246 2790 363 2844 Eueni
385 2789 624 2846 aliorumque
643 2789 842 2831 sententias
857 2804 947 2831 cum
967 2790 1006 2830 in
1024 2787 1168 2830 Arsenii
1189 2789 1341 2831 Violeto
1351 2821 1365 2841 ,
1395 2799 1478 2831 tum
1500 2790 1602 2844 apud
1623 2789 1715 2829 Ma..

246 2847 396 2888 ximum
417 2847 653 2889 Monachum
674 2848 841 2901 reperiri,
868 2849 934 2890 sed
952 2862 1104 2899 uereor,
1133 2863 1178 2888 ne
1198 2850 1396 2898 errauerit,
1426 2863 1513 2889 nam
1533 2847 1712 2901 equidem

246 2907 402 2960 reperire
420 2905 519 2949 nihil
538 2905 663 2962 potui.
1359 2923 1367 2928 “
