1943 3223
904 182 1059 231 ·44

901 344 904 347 ’
972 344 1056 391 10.

310 440 557 499 Reperitur
582 439 686 485 ibid.
710 455 752 499 p·
767 441 891 502 ⁴324.
917 456 1019 486 cum
1045 442 1251 486 lemmate
1276 441 1358 485 τοῦ
1379 437 1534 494 αῧτοῦ,
1559 441 1682 506 unde
1699 441 1806 486 abiit

217 510 261 553 in
281 510 483 555 Brunck.
501 513 591 556 Gn.
611 511 694 555 Gr.
712 509 751 553 I.
779 525 823 568 p.
846 513 960 563 165.
987 527 1030 555 n.
1058 517 1103 557 9.
1141 509 1265 555 Anal.
1290 511 1330 555 I.
1361 516 1403 555 1.
1430 526 1470 569 p·
1492 514 1609 557 323.
1634 507 1806 557 IacoBS·

217 580 354 648 Anth.
379 581 478 625 Pal.
504 581 560 624 T.
577 580 640 625 II.
665 596 708 639 p.
737 576 854 626 676.
887 578 1047 639 (Plan.
1071 580 1152 625 IV.
1184 578 1322 642 166.)
1673 573 1676 575 ’

361 660 552 722 Πρόσθε
573 664 658 719 μὲν
674 659 904 707 Ἰδαίοισιν
926 661 978 707 ἐν
1001 659 1180 723 οὔρεσιν
1203 659 1336 713 αὖτὸς
1360 660 1384 708 ὃ
1406 661 1567 721 βούτας

492 732 676 791 δέρξατο
700 732 787 778 τάν
808 729 989 784 κᾶλλευς
1012 730 1156 793 πρῶτ’
1181 730 1568 791 ἆπενεγκαμέναν·

357 802 628 863 Πραξιτέλης
650 802 850 853 Κνιδίοις
873 801 923 847 δὲ
945 801 1288 862 πανωπῆεσσαν
1312 803 1491 863 ἔθηκεν,

491 870 696 935 μάρτυρα
719 876 794 932 τῆς
815 874 968 931 τέχνης
991 876 1151 936 ψῆφον
1176 874 1290 929 ἔχων
1312 873 1523 935 Πάριδος.

215 953 361 998 Poeta
395 953 463 999 his
487 956 688 1000 uersibus
714 954 921 1000 eximiam
956 963 1128 1001 statuae
1151 956 1339 1002 Veneris
1371 955 1714 1016 pulcritudinem
1748 955 1809 999 ita
1867 941 1873 949 ⁸

215 1025 459 1085 significat,
494 1032 542 1070 ut
565 1041 662 1070 eam
686 1026 742 1070 ab
766 1025 860 1085 ipsa
885 1025 969 1070 dea
995 1026 1101 1072 nihil
1127 1026 1347 1072 diuersam
1374 1026 1516 1082 dicat3
1547 1034 1593 1071 et
1616 1026 1681 1077 uti
1704 1024 1808 1070 olim

216 1096 441 1140 Venerem
475 1095 642 1154 ipsam,
682 1096 744 1139 ita
775 1111 893 1139 nunc
932 1095 1168 1140 Praxitelis
1200 1112 1311 1156 opus
1340 1096 1518 1141 Paridis
1543 1095 1806 1155 suffragium

216 1166 427 1213 aufferre.
476 1165 662 1212 Grotius
677 1182 761 1220 eos
784 1166 846 1211 ita
871 1166 1191 1226 interpretatus
1214 1174 1306 1212 est:

359 1248 542 1292 Primus
577 1247 621 1291 in
658 1247 795 1292 Idaeo
830 1249 1061 1307 conspexit
1097 1248 1266 1293 uertice
1302 1254 1452 1308 pastor

493 1318 651 1374 Illam,
672 1337 674 1339 ·
696 1335 810 1378 quae
845 1319 1014 1364 formae
1051 1319 1245 1378 praemia
1282 1335 1452 1364 summa
1488 1319 1605 1364 tulit.

358 1388 613 1433 Praxiteles
649 1388 822 1433 Cnidiis
856 1390 981 1433 cerni
1017 1388 1142 1433 dedit
1177 1390 1380 1433 omnibus
1416 1389 1534 1433 illam

493 1460 641 1518 Seque
677 1459 825 1518 operis
860 1465 1020 1503 testem
1057 1458 1172 1503 dixit
1207 1459 1371 1503 habere
1408 1459 1563 1503 Parin.

217 1540 290 1585 De
322 1546 547 1598 tempore,
591 1555 680 1599 quo
716 1539 997 1595 Praxiteles,
1044 1555 1158 1584 unus
1193 1555 1248 1584 ex
1286 1540 1562 1585 nobilissimis
1595 1538 1811 1585 Graeciae

216 1609 514 1669 sculptoribus
554 1610 867 1669 statuariisque
908 1610 1103 1664 uixerit,
1151 1610 1404 1689 suprffiiam
1446 1611 1583 1655 uerba
1628 1609 1811 1654 fecimus

218 1696 411 1740 eumque
436 1680 509 1725 Ol.
528 1680 653 1725 CIV.
680 1679 887 1724 floruisse
900 1679 1040 1724 Plinii
1065 1686 1111 1725 et
1133 1670 1381 1730 Pausaniae
1397 1680 1669 1725 auctoritate
1692 1694 1812 1724 com-

218 1751 522 1810 probauimus.
579 1751 680 1800 Qua
713 1751 759 1794 in
793 1751 903 1795 urbe
937 1758 1066 1795 natus
1102 1750 1261 1806 suerit,
1297 1750 1444 1795 adhuc
1478 1751 1696 1796 incertum
1729 1756 1810 1794 est.

219 1821 396 1865 Plinius
420 1820 477 1865 de
501 1836 556 1865 eo
581 1821 647 1865 bis
670 1821 783 1881 egit,
819 1820 915 1865 loco
940 1827 1070 1865 antea
1092 1820 1229 1865 citato
1253 1828 1299 1865 et
1323 1820 1397 1865 lib.
1418 1821 1638 1865 XXXIV.
1662 1826 1708 1866 8.
1734 1825 1812 1866 19.

219 1892 295 1936 ubi
320 1892 367 1936 in
390 1892 650 1935 uniuersum
676 1890 734 1935 de
758 1891 854 1935 eius
878 1892 1085 1950 operibus
1108 1891 1219 1949 agit.
1291 1892 1431 1935 Cuius
1461 1891 1649 1946 artificio
1675 1890 1812 1934 uitam

218 1968 353 2020 atque
377 1976 513 2020 opera
535 1961 714 2006 uberius
734 1960 936 2020 Silligius
954 1961 1163 2005 tractauit
1187 1961 1231 2004 in
1251 1960 1396 2005 Catal.
1416 1961 1533 2006 artis.
1560 1976 1603 2020 p.
1618 1965 1811 2020 379.sq.

218 2055 292 2063 -—
323 2032 398 2077 Vs.
432 2037 474 2076 1.
511 2033 632 2076 Voce
663 2029 823 2088 βούτας
855 2032 975 2075 utin
1000 2030 1291 2075 antecedente
1314 2032 1511 2076 carmine
1546 2046 1655 2078 uoce
1691 2029 1813 2090 Φρύξ

221 2100 435 2146 Paridem
469 2100 637 2146 dictum
670 2118 792 2155 esse,
827 2101 905 2145 uix
938 2108 1033 2156 est,
1070 2100 1190 2161 quod
1222 2117 1496 2146 moneamus.
1544 2127 1614 2137 --
1661 2094 1738 2145 Vs.
1766 2107 1811 2146 2.

221 2169 544 2231 ἀποφέρεσθαι
568 2187 695 2230 posse
712 2172 844 2215 etiam
867 2173 1036 2216 omissis
1054 2172 1200 2216 uerbis
1223 2172 1281 2215 τὰ
1304 2175 1463 2231 πρῶτα
1484 2168 1651 2230 (ἆθλα)
1676 2171 1813 2229 signi-

222 2242 381 2286 ficare:
416 2241 646 2300 „praemia
666 2242 910 2296 aufferre‘ss
946 2241 1094 2286 nullus
1118 2248 1206 2285 est.
1242 2241 1348 2300 quin
1374 2243 1498 2286 sciat.
1548 2266 1613 2273 —
1665 2241 1739 2285 Vs.
1767 2246 1812 2287 3.

223 2311 386 2370 ἔθηκεν
419 2311 556 2372 Vulg.
581 2311 728 2369 ἔθηκε.
766 2311 964 2356 Brunck.

983 2425 1066 2472 11.

315 2525 457 2568 Extat
489 2523 532 2567 in
566 2522 666 2568 cod.
703 2523 850 2567 Palat.
892 2538 936 2582 p.
965 2523 1080 2567 413.
1123 2536 1223 2566 cum
1261 2521 1466 2565 lemmate
1499 2520 1685 2583 Εὐήνου.
1759 2524 1814 2567 ln

224 2593 417 2639 Planud.
451 2610 495 2653 p.
524 2596 639 2641 486.
676 2591 855 2653 ἄδηλον.
915 2593 1032 2638 Dein
1058 2593 1232 2637 transiit
1255 2592 1299 2636 in
1326 2592 1523 2638 Brunck.
1549 2597 1639 2639 Gn.
1658 2596 1741 2639 Gr.
1774 2601 1815 2640 1.

229 2668 342 2712 165.
379 2680 422 2707 n.
451 2670 493 2709 6.
528 2666 612 2709 An.
638 2667 678 2710 I.
711 2671 752 2711 1.
790 2681 832 2724 p.
862 2669 976 2710 320.
1004 2665 1174 2708 Jacobs.
1212 2662 1343 2707 Anth.
1370 2663 1469 2708 Pal.
1496 2665 1609 2708 XII.
1641 2670 1754 2709 172.

361 2734 423 2779 Εἰ
442 2741 590 2791 μισεῖν
612 2734 752 2787 πόνος
776 2736 899 2789 ἐστὶ,
937 2735 1086 2795 φιλεῖν
1107 2732 1271 2789 πόνος,
1308 2735 1356 2780 ἐκ
1380 2733 1457 2781 δύο
1481 2736 1653 2795 λυγρῶν

500 2805 710 2865 αἱροῦμαι
734 2811 923 2867 χρηστῆς
949 2807 1072 2856 ἕλκος
1096 2807 1213 2862 ἔχειν
1237 2804 1404 2866 ὀδύνης.

222 2878 329 2923 Hoc
353 2876 634 2937 epigramma
658 2879 894 2937 quominus
918 2878 1079 2921 Eueno
1113 2877 1268 2922 maiori
1293 2879 1563 2938 assignetur,
1588 2875 1821 2935 prohibere

226 2948 334 2993 satis
359 2948 589 3003 uidentur,
625 2962 740 3007 quae
764 2947 821 2992 de
845 2947 940 2991 eius
965 2947 1135 3006 poetica
1162 2954 1320 2993 natura
1344 2949 1384 3005 §.
1407 2951 1452 2994 5.
1478 2945 1821 3005 disputauimus;
