<?xml version="1.0" encoding="UTF-8"?>
<!DOCTYPE html PUBLIC "-//W3C//DTD XHTML 1.0 Transitional//EN"
    "http://www.w3.org/TR/xhtml1/DTD/xhtml1-transitional.dtd">
<html xmlns="http://www.w3.org/1999/xhtml" xml:lang="en" lang="en">
 <head>
  <title>
</title>
<meta http-equiv="Content-Type" content="text/html;charset=utf-8" />
  <meta name='ocr-system' content='tesseract 3.04.00' />
  <meta name='ocr-capabilities' content='ocr_page ocr_carea ocr_par ocr_line ocrx_word'/>
</head>
<body>
  <div class='ocr_page' id='page_1' title='image "4737206_0023.png"; bbox 0 0 1943 3223; ppageno 0'>
   <div class='ocr_carea' id='block_1_1' title="bbox 916 165 998 217">
    <p class='ocr_par' dir='ltr' id='par_1_1' title="bbox 916 165 998 217">
     <span class='ocr_line' id='line_1_1' title="bbox 916 165 998 217; baseline 0 0"><span class='ocrx_word' id='word_1_1' title='bbox 916 165 998 217; x_wconf 81' lang='lat' dir='ltr'>u</span> 
     </span>
    </p>
   </div>
   <div class='ocr_carea' id='block_1_2' title="bbox 88 325 1743 2570">
    <p class='ocr_par' dir='ltr' id='par_1_2' title="bbox 88 325 1743 2570">
     <span class='ocr_line' id='line_1_2' title="bbox 162 325 1742 399; baseline -0.008 -13"><span class='ocrx_word' id='word_1_2' title='bbox 162 343 397 399; x_wconf 76' lang='lat' dir='ltr'><strong>poetam.</strong></span> <span class='ocrx_word' id='word_1_3' title='bbox 424 331 596 382; x_wconf 79' lang='lat' dir='ltr'><strong>fuisse</strong></span> <span class='ocrx_word' id='word_1_4' title='bbox 629 330 794 380; x_wconf 69' lang='lat' dir='ltr'><strong>sciret?</strong></span> <span class='ocrx_word' id='word_1_5' title='bbox 814 353 819 377; x_wconf 58' lang='lat'><strong>4</strong></span> <span class='ocrx_word' id='word_1_6' title='bbox 843 327 1243 389; x_wconf 64' lang='lat' dir='ltr'><strong>Eueninaeigitur</strong></span> <span class='ocrx_word' id='word_1_7' title='bbox 1267 326 1409 386; x_wconf 81' lang='lat' dir='ltr'><strong>poesis</strong></span> <span class='ocrx_word' id='word_1_8' title='bbox 1433 334 1637 376; x_wconf 78' lang='lat' dir='ltr'><strong>naturam</strong></span> <span class='ocrx_word' id='word_1_9' title='bbox 1662 325 1742 373; x_wconf 85' lang='lat' dir='ltr'><strong>de-</strong></span> 
     </span>
     <span class='ocr_line' id='line_1_3' title="bbox 160 397 1742 465; baseline -0.009 -11"><span class='ocrx_word' id='word_1_10' title='bbox 160 405 646 465; x_wconf 51' lang='lat' dir='ltr'><strong>scripsisseusputamus,</strong></span> <span class='ocrx_word' id='word_1_11' title='bbox 688 401 724 449; x_wconf 78' lang='lat' dir='ltr'><strong>si</strong></span> <span class='ocrx_word' id='word_1_12' title='bbox 750 405 859 447; x_wconf 56' lang='lat' dir='ltr'><strong>oen&lt;</strong></span> <span class='ocrx_word' id='word_1_13' title='bbox 891 397 1340 458; x_wconf 68' lang='lat' dir='ltr'><strong>philosophicam</strong></span> <span class='ocrx_word' id='word_1_14' title='bbox 1378 397 1449 444; x_wconf 88' lang='lat' dir='ltr'><strong>uel</strong></span> <span class='ocrx_word' id='word_1_15' title='bbox 1485 397 1742 446; x_wconf 83' lang='lat' dir='ltr'><strong>rhetori-</strong></span> 
     </span>
     <span class='ocr_line' id='line_1_4' title="bbox 158 467 1742 534; baseline -0.006 -12"><span class='ocrx_word' id='word_1_16' title='bbox 158 489 276 524; x_wconf 85' lang='lat' dir='ltr'><strong>cam</strong></span> <span class='ocrx_word' id='word_1_17' title='bbox 311 474 478 534; x_wconf 77' lang='lat' dir='ltr'><strong>poesim</strong></span> <span class='ocrx_word' id='word_1_18' title='bbox 504 470 893 531; x_wconf 78' lang='lat' dir='ltr'><strong>nominauerimus.</strong></span> <span class='ocrx_word' id='word_1_19' title='bbox 962 467 1101 515; x_wconf 86' lang='lat' dir='ltr'><strong>Cuius</strong></span> <span class='ocrx_word' id='word_1_20' title='bbox 1120 467 1312 528; x_wconf 73' lang='lat' dir='ltr'><strong>quidem</strong></span> <span class='ocrx_word' id='word_1_21' title='bbox 1346 468 1488 527; x_wconf 70' lang='lat' dir='ltr'><strong>poenis</strong></span> <span class='ocrx_word' id='word_1_22' title='bbox 1510 467 1742 528; x_wconf 89' lang='lat' dir='ltr'><strong>exemplar</strong></span> 
     </span>
     <span class='ocr_line' id='line_1_5' title="bbox 161 536 1741 598; baseline -0.003 -8"><span class='ocrx_word' id='word_1_23' title='bbox 161 546 363 594; x_wconf 81' lang='lat' dir='ltr'><strong>relietum</strong></span> <span class='ocrx_word' id='word_1_24' title='bbox 391 545 514 592; x_wconf 87' lang='lat' dir='ltr'><strong>nobis</strong></span> <span class='ocrx_word' id='word_1_25' title='bbox 532 551 610 591; x_wconf 45' lang='lat' dir='ltr'><strong>est*</strong></span> <span class='ocrx_word' id='word_1_26' title='bbox 626 543 670 589; x_wconf 86' lang='lat' dir='ltr'><strong>in</strong></span> <span class='ocrx_word' id='word_1_27' title='bbox 696 541 949 598; x_wconf 56' lang='lat' dir='ltr'><strong>fragmento</strong></span> <span class='ocrx_word' id='word_1_28' title='bbox 979 544 1023 593; x_wconf 91' lang='lat'><strong>1,</strong></span> <span class='ocrx_word' id='word_1_29' title='bbox 1057 540 1176 598; x_wconf 76' lang='lat' dir='ltr'><strong>quod</strong></span> <span class='ocrx_word' id='word_1_30' title='bbox 1201 539 1304 586; x_wconf 87' lang='lat' dir='ltr'><strong>licet</strong></span> <span class='ocrx_word' id='word_1_31' title='bbox 1327 553 1386 583; x_wconf 86' lang='lat' dir='ltr'><strong>ex</strong></span> <span class='ocrx_word' id='word_1_32' title='bbox 1409 536 1580 584; x_wconf 90' lang='lat' dir='ltr'><strong>duobus</strong></span> <span class='ocrx_word' id='word_1_33' title='bbox 1603 540 1741 585; x_wconf 77' lang='lat' dir='ltr'><strong>bexa-</strong></span> 
     </span>
     <span class='ocr_line' id='line_1_6' title="bbox 161 608 1741 672; baseline -0.006 -10"><span class='ocrx_word' id='word_1_34' title='bbox 161 617 313 662; x_wconf 87' lang='lat' dir='ltr'><strong>metris</strong></span> <span class='ocrx_word' id='word_1_35' title='bbox 347 620 520 662; x_wconf 73' lang='lat' dir='ltr'><strong>constet</strong></span> <span class='ocrx_word' id='word_1_36' title='bbox 538 651 542 656; x_wconf 94' lang='lat'><strong>.</strong></span> <span class='ocrx_word' id='word_1_37' title='bbox 560 629 587 661; x_wconf 85' lang='lat' dir='ltr'><strong>a</strong></span> <span class='ocrx_word' id='word_1_38' title='bbox 622 608 885 672; x_wconf 78' lang='lat' dir='ltr'><strong>quibusdam</strong></span> <span class='ocrx_word' id='word_1_39' title='bbox 916 608 1135 669; x_wconf 73' lang='lat' dir='ltr'><strong>elegiacis</strong></span> <span class='ocrx_word' id='word_1_40' title='bbox 1178 609 1326 656; x_wconf 83' lang='lat' dir='ltr'><strong>Eueni</strong></span> <span class='ocrx_word' id='word_1_41' title='bbox 1356 608 1625 655; x_wconf 78' lang='lat' dir='ltr'><strong>carminibus</strong></span> <span class='ocrx_word' id='word_1_42' title='bbox 1659 609 1741 654; x_wconf 88' lang='lat' dir='ltr'><strong>mi-</strong></span> 
     </span>
     <span class='ocr_line' id='line_1_7' title="bbox 158 677 1741 742; baseline -0.005 -10"><span class='ocrx_word' id='word_1_43' title='bbox 158 694 275 732; x_wconf 76' lang='lat' dir='ltr'><strong>stum</strong></span> <span class='ocrx_word' id='word_1_44' title='bbox 297 691 379 730; x_wconf 84' lang='lat' dir='ltr'><strong>est.</strong></span> <span class='ocrx_word' id='word_1_45' title='bbox 438 683 604 742; x_wconf 78' lang='lat' dir='ltr'><strong>Arguit</strong></span> <span class='ocrx_word' id='word_1_46' title='bbox 626 688 776 728; x_wconf 72' lang='lat' dir='ltr'><strong>auten</strong></span> <span class='ocrx_word' id='word_1_47' title='bbox 801 686 847 725; x_wconf 89' lang='lat' dir='ltr'><strong>et</strong></span> <span class='ocrx_word' id='word_1_48' title='bbox 868 679 1035 734; x_wconf 77' lang='lat' dir='ltr'><strong>forma,</strong></span> <span class='ocrx_word' id='word_1_49' title='bbox 1071 695 1171 728; x_wconf 87' lang='lat' dir='ltr'><strong>nam</strong></span> <span class='ocrx_word' id='word_1_50' title='bbox 1195 678 1429 728; x_wconf 60' lang='lat' dir='ltr'><strong>etiamalii</strong></span> <span class='ocrx_word' id='word_1_51' title='bbox 1453 677 1741 738; x_wconf 80' lang='lat' dir='ltr'><strong>philosophici</strong></span> 
     </span>
     <span class='ocr_line' id='line_1_8' title="bbox 157 748 1743 815; baseline -0.004 -15"><span class='ocrx_word' id='word_1_52' title='bbox 157 750 235 815; x_wconf 87' lang='lat' dir='ltr'><strong>(ut</strong></span> <span class='ocrx_word' id='word_1_53' title='bbox 252 755 317 799; x_wconf 86' lang='lat' dir='ltr'><strong>:ita</strong></span> <span class='ocrx_word' id='word_1_54' title='bbox 343 751 513 812; x_wconf 81' lang='lat' dir='ltr'><strong>dicam)</strong></span> <span class='ocrx_word' id='word_1_55' title='bbox 538 759 725 813; x_wconf 69' lang='lat' dir='ltr'><strong>poetae,</strong></span> <span class='ocrx_word' id='word_1_56' title='bbox 754 748 1061 805; x_wconf 72' lang='lat' dir='ltr'><strong>Parmenides,</strong></span> <span class='ocrx_word' id='word_1_57' title='bbox 1092 749 1404 809; x_wconf 82' lang='lat' dir='ltr'><strong>Empedocles,</strong></span> <span class='ocrx_word' id='word_1_58' title='bbox 1439 748 1743 807; x_wconf 79' lang='lat' dir='ltr'><strong>Xenophanes</strong></span> 
     </span>
     <span class='ocr_line' id='line_1_9' title="bbox 156 819 1742 880; baseline -0.004 -9"><span class='ocrx_word' id='word_1_59' title='bbox 156 824 352 871; x_wconf 81' lang='lat' dir='ltr'><strong>carmina</strong></span> <span class='ocrx_word' id='word_1_60' title='bbox 384 822 653 869; x_wconf 73' lang='lat' dir='ltr'><strong>hexametris</strong></span> <span class='ocrx_word' id='word_1_61' title='bbox 685 827 926 867; x_wconf 79' lang='lat' dir='ltr'><strong>contexere</strong></span> <span class='ocrx_word' id='word_1_62' title='bbox 951 819 1177 875; x_wconf 81' lang='lat' dir='ltr'><strong>solebant,</strong></span> <span class='ocrx_word' id='word_1_63' title='bbox 1214 843 1279 854; x_wconf 88' lang='lat'><strong>-—</strong></span> <span class='ocrx_word' id='word_1_64' title='bbox 1325 827 1372 867; x_wconf 89' lang='lat' dir='ltr'><strong>et</strong></span> <span class='ocrx_word' id='word_1_65' title='bbox 1402 826 1742 880; x_wconf 79' lang='lat' dir='ltr'>argumentum,</span> 
     </span>
     <span class='ocr_line' id='line_1_10' title="bbox 158 891 1742 951; baseline -0.003 -11"><span class='ocrx_word' id='word_1_66' title='bbox 158 902 314 943; x_wconf 82' lang='lat' dir='ltr'><strong>extare</strong></span> <span class='ocrx_word' id='word_1_67' title='bbox 345 894 390 939; x_wconf 90' lang='lat' dir='ltr'><strong>in</strong></span> <span class='ocrx_word' id='word_1_68' title='bbox 424 893 508 938; x_wconf 88' lang='lat' dir='ltr'><strong>hoc</strong></span> <span class='ocrx_word' id='word_1_69' title='bbox 539 892 736 943; x_wconf 77' lang='lat' dir='ltr'><strong>carmine</strong></span> <span class='ocrx_word' id='word_1_70' title='bbox 768 891 1015 951; x_wconf 77' lang='lat' dir='ltr'><strong>genuinum</strong></span> <span class='ocrx_word' id='word_1_71' title='bbox 1038 891 1186 936; x_wconf 84' lang='lat' dir='ltr'><strong>Eueni</strong></span> <span class='ocrx_word' id='word_1_72' title='bbox 1219 891 1396 937; x_wconf 84' lang='lat' dir='ltr'><strong>maioris</strong></span> <span class='ocrx_word' id='word_1_73' title='bbox 1419 891 1742 951; x_wconf 76' lang='lat' dir='ltr'><strong>fragmentum,</strong></span> 
     </span>
     <span class='ocr_line' id='line_1_11' title="bbox 158 960 1741 1022; baseline -0.003 -12"><span class='ocrx_word' id='word_1_74' title='bbox 158 966 295 1020; x_wconf 79' lang='lat' dir='ltr'><strong>Patet</strong></span> <span class='ocrx_word' id='word_1_75' title='bbox 347 962 506 1018; x_wconf 88' lang='lat' dir='ltr'><strong>simul,</strong></span> <span class='ocrx_word' id='word_1_76' title='bbox 561 977 663 1008; x_wconf 88' lang='lat' dir='ltr'><strong>eum</strong></span> <span class='ocrx_word' id='word_1_77' title='bbox 706 969 882 1022; x_wconf 82' lang='lat' dir='ltr'><strong>poetam</strong></span> <span class='ocrx_word' id='word_1_78' title='bbox 922 976 1010 1006; x_wconf 88' lang='lat' dir='ltr'><strong>non</strong></span> <span class='ocrx_word' id='word_1_79' title='bbox 1052 961 1291 1008; x_wconf 78' lang='lat' dir='ltr'><strong>admodum</strong></span> <span class='ocrx_word' id='word_1_80' title='bbox 1336 976 1547 1021; x_wconf 79' lang='lat' dir='ltr'><strong>magnum</strong></span> <span class='ocrx_word' id='word_1_81' title='bbox 1590 960 1741 1020; x_wconf 83' lang='lat' dir='ltr'><strong>fuisse.</strong></span> 
     </span>
     <span class='ocr_line' id='line_1_12' title="bbox 159 1032 1739 1092; baseline -0.002 -14"><span class='ocrx_word' id='word_1_82' title='bbox 159 1035 259 1079; x_wconf 82' lang='lat' dir='ltr'><strong>Alia</strong></span> <span class='ocrx_word' id='word_1_83' title='bbox 292 1033 489 1078; x_wconf 88' lang='lat' dir='ltr'><strong>eiusdem</strong></span> <span class='ocrx_word' id='word_1_84' title='bbox 524 1040 680 1092; x_wconf 86' lang='lat' dir='ltr'><strong>poetae</strong></span> <span class='ocrx_word' id='word_1_85' title='bbox 711 1038 888 1077; x_wconf 84' lang='lat' dir='ltr'><strong>seruata</strong></span> <span class='ocrx_word' id='word_1_86' title='bbox 921 1032 1044 1076; x_wconf 87' lang='lat' dir='ltr'><strong>nobis</strong></span> <span class='ocrx_word' id='word_1_87' title='bbox 1066 1047 1162 1077; x_wconf 84' lang='lat' dir='ltr'><strong>esse</strong></span> <span class='ocrx_word' id='word_1_88' title='bbox 1183 1032 1381 1077; x_wconf 84' lang='lat' dir='ltr'><strong>carmina</strong></span> <span class='ocrx_word' id='word_1_89' title='bbox 1406 1046 1493 1075; x_wconf 91' lang='lat' dir='ltr'><strong>non</strong></span> <span class='ocrx_word' id='word_1_90' title='bbox 1518 1039 1607 1076; x_wconf 87' lang='lat' dir='ltr'><strong>tam</strong></span> <span class='ocrx_word' id='word_1_91' title='bbox 1632 1047 1739 1075; x_wconf 88' lang='lat' dir='ltr'><strong>con·</strong></span> 
     </span>
     <span class='ocr_line' id='line_1_13' title="bbox 157 1101 1741 1162; baseline -0.001 -14"><span class='ocrx_word' id='word_1_92' title='bbox 157 1104 348 1148; x_wconf 86' lang='lat' dir='ltr'><strong>fidenter</strong></span> <span class='ocrx_word' id='word_1_93' title='bbox 371 1103 726 1157; x_wconf 80' lang='lat' dir='ltr'><strong>affirmauerim,</strong></span> <span class='ocrx_word' id='word_1_94' title='bbox 750 1118 881 1162; x_wconf 86' lang='lat' dir='ltr'><strong>quam</strong></span> <span class='ocrx_word' id='word_1_95' title='bbox 908 1102 1153 1157; x_wconf 85' lang='lat' dir='ltr'><strong>Weberus,</strong></span> <span class='ocrx_word' id='word_1_96' title='bbox 1188 1101 1264 1161; x_wconf 86' lang='lat' dir='ltr'><strong>qui</strong></span> <span class='ocrx_word' id='word_1_97' title='bbox 1288 1101 1485 1146; x_wconf 86' lang='lat' dir='ltr'><strong>carmina</strong></span> <span class='ocrx_word' id='word_1_98' title='bbox 1527 1107 1577 1155; x_wconf 79' lang='lat'><strong>2,</strong></span> <span class='ocrx_word' id='word_1_99' title='bbox 1610 1105 1658 1155; x_wconf 80' lang='lat'><strong>3,</strong></span> <span class='ocrx_word' id='word_1_100' title='bbox 1692 1103 1741 1157; x_wconf 82' lang='lat'><strong>4,</strong></span> 
     </span>
     <span class='ocr_line' id='line_1_14' title="bbox 160 1171 1740 1233; baseline -0.004 -12"><span class='ocrx_word' id='word_1_101' title='bbox 160 1178 208 1228; x_wconf 80' lang='lat'><strong>5,</strong></span> <span class='ocrx_word' id='word_1_102' title='bbox 235 1180 262 1219; x_wconf 88' lang='grc'>6</span> <span class='ocrx_word' id='word_1_103' title='bbox 289 1173 395 1232; x_wconf 90' lang='lat' dir='ltr'><strong>(b),</strong></span> <span class='ocrx_word' id='word_1_104' title='bbox 438 1179 493 1219; x_wconf 88' lang='lat'><strong>11</strong></span> <span class='ocrx_word' id='word_1_105' title='bbox 535 1180 582 1218; x_wconf 86' lang='lat' dir='ltr'><strong>et</strong></span> <span class='ocrx_word' id='word_1_106' title='bbox 607 1188 783 1220; x_wconf 88' lang='lat' dir='ltr'><strong>uersum</strong></span> <span class='ocrx_word' id='word_1_107' title='bbox 813 1178 839 1218; x_wconf 89' lang='lat'><strong>6</strong></span> <span class='ocrx_word' id='word_1_108' title='bbox 866 1172 1072 1217; x_wconf 82' lang='lat' dir='ltr'><strong>carminis</strong></span> <span class='ocrx_word' id='word_1_109' title='bbox 1100 1175 1125 1218; x_wconf 84' lang='lat'>6</span> <span class='ocrx_word' id='word_1_110' title='bbox 1153 1171 1232 1233; x_wconf 87' lang='lat' dir='ltr'><strong>(a)</strong></span> <span class='ocrx_word' id='word_1_111' title='bbox 1255 1172 1312 1216; x_wconf 91' lang='lat' dir='ltr'><strong>ab</strong></span> <span class='ocrx_word' id='word_1_112' title='bbox 1335 1171 1416 1218; x_wconf 90' lang='lat' dir='ltr'><strong>hoc</strong></span> <span class='ocrx_word' id='word_1_113' title='bbox 1441 1172 1639 1230; x_wconf 84' lang='lat' dir='ltr'><strong>profecta</strong></span> <span class='ocrx_word' id='word_1_114' title='bbox 1661 1172 1740 1216; x_wconf 86' lang='lat' dir='ltr'><strong>ait.</strong></span> 
     </span>
     <span class='ocr_line' id='line_1_15' title="bbox 158 1243 1740 1302; baseline -0.001 -14"><span class='ocrx_word' id='word_1_115' title='bbox 158 1245 284 1289; x_wconf 80' lang='lat' dir='ltr'><strong>Nam.</strong></span> <span class='ocrx_word' id='word_1_116' title='bbox 309 1244 345 1288; x_wconf 85' lang='lat' dir='ltr'><strong>si</strong></span> <span class='ocrx_word' id='word_1_117' title='bbox 380 1259 429 1300; x_wconf 85' lang='lat' dir='ltr'><strong>re</strong></span> <span class='ocrx_word' id='word_1_118' title='bbox 463 1259 569 1288; x_wconf 87' lang='lat' dir='ltr'><strong>uera</strong></span> <span class='ocrx_word' id='word_1_119' title='bbox 594 1243 985 1302; x_wconf 66' lang='lat' dir='ltr'><strong>Euenus-praeter</strong></span> <span class='ocrx_word' id='word_1_120' title='bbox 1009 1258 1188 1298; x_wconf 87' lang='lat' dir='ltr'><strong>uersus,</strong></span> <span class='ocrx_word' id='word_1_121' title='bbox 1223 1257 1412 1301; x_wconf 89' lang='lat' dir='ltr'><strong>quorum</strong></span> <span class='ocrx_word' id='word_1_122' title='bbox 1440 1249 1643 1287; x_wconf 88' lang='lat' dir='ltr'><strong>naturam</strong></span> <span class='ocrx_word' id='word_1_123' title='bbox 1667 1258 1740 1287; x_wconf 86' lang='lat' dir='ltr'><strong>su-</strong></span> 
     </span>
     <span class='ocr_line' id='line_1_16' title="bbox 158 1305 1739 1373; baseline 0 -16"><span class='ocrx_word' id='word_1_124' title='bbox 158 1305 236 1372; x_wconf 77' lang='lat' dir='ltr'><strong>pra</strong></span> <span class='ocrx_word' id='word_1_125' title='bbox 262 1314 586 1372; x_wconf 83' lang='lat' dir='ltr'><strong>descripsimus,</strong></span> <span class='ocrx_word' id='word_1_126' title='bbox 618 1314 703 1361; x_wconf 85' lang='lat' dir='ltr'><strong>alia</strong></span> <span class='ocrx_word' id='word_1_127' title='bbox 727 1314 924 1360; x_wconf 78' lang='lat' dir='ltr'><strong>carmina</strong></span> <span class='ocrx_word' id='word_1_128' title='bbox 948 1313 1136 1373; x_wconf 83' lang='lat' dir='ltr'><strong>pepigit,</strong></span> <span class='ocrx_word' id='word_1_129' title='bbox 1160 1329 1260 1357; x_wconf 90' lang='lat' dir='ltr'><strong>eum</strong></span> <span class='ocrx_word' id='word_1_130' title='bbox 1287 1313 1593 1358; x_wconf 85' lang='lat' dir='ltr'><strong>tantummodo</strong></span> <span class='ocrx_word' id='word_1_131' title='bbox 1616 1312 1739 1368; x_wconf 84' lang='lat' dir='ltr'><strong>talia,</strong></span> 
     </span>
     <span class='ocr_line' id='line_1_17' title="bbox 153 1380 1736 1444; baseline 0 -16"><span class='ocrx_word' id='word_1_132' title='bbox 153 1384 300 1442; x_wconf 85' lang='lat' dir='ltr'><strong>qualia</strong></span> <span class='ocrx_word' id='word_1_133' title='bbox 324 1383 515 1430; x_wconf 84' lang='lat' dir='ltr'><strong>adillud</strong></span> <span class='ocrx_word' id='word_1_134' title='bbox 539 1399 682 1444; x_wconf 87' lang='lat' dir='ltr'><strong>genus</strong></span> <span class='ocrx_word' id='word_1_135' title='bbox 705 1384 915 1443; x_wconf 84' lang='lat' dir='ltr'><strong>proxime.</strong></span> <span class='ocrx_word' id='word_1_136' title='bbox 930 1382 1215 1437; x_wconf 75' lang='lat' dir='ltr'><strong>accedebant,</strong></span> <span class='ocrx_word' id='word_1_137' title='bbox 1247 1383 1276 1426; x_wconf 90' lang='lat' dir='ltr'><strong>i.</strong></span> <span class='ocrx_word' id='word_1_138' title='bbox 1295 1380 1336 1428; x_wconf 69' lang='lat' dir='ltr'><strong>e&#39;.</strong></span> <span class='ocrx_word' id='word_1_139' title='bbox 1360 1381 1535 1440; x_wconf 77' lang='grc' dir='ltr'><strong><em>γνώμας</em></strong></span> <span class='ocrx_word' id='word_1_140' title='bbox 1557 1381 1622 1428; x_wconf 83' lang='grc' dir='ltr'><strong>δι’</strong></span> <span class='ocrx_word' id='word_1_141' title='bbox 1644 1382 1736 1428; x_wconf 73' lang='grc' dir='ltr'><strong>ἐλε-</strong></span> 
     </span>
     <span class='ocr_line' id='line_1_18' title="bbox 155 1452 1739 1513; baseline -0.001 -15"><span class='ocrx_word' id='word_1_142' title='bbox 155 1452 346 1513; x_wconf 66' lang='grc' dir='ltr'>γείας’*),</span> <span class='ocrx_word' id='word_1_143' title='bbox 386 1460 434 1497; x_wconf 92' lang='lat' dir='ltr'><strong>ut</strong></span> <span class='ocrx_word' id='word_1_144' title='bbox 456 1454 583 1498; x_wconf 88' lang='lat' dir='ltr'><strong>Suid.</strong></span> <span class='ocrx_word' id='word_1_145' title='bbox 607 1453 664 1499; x_wconf 91' lang='lat' dir='ltr'><strong>de</strong></span> <span class='ocrx_word' id='word_1_146' title='bbox 696 1453 961 1513; x_wconf 81' lang='lat' dir='ltr'><strong>Theognide</strong></span> <span class='ocrx_word' id='word_1_147' title='bbox 985 1453 1124 1498; x_wconf 80' lang='lat' dir='ltr'><strong>refert</strong></span> <span class='ocrx_word' id='word_1_148' title='bbox 1150 1454 1220 1497; x_wconf 90' lang='lat' dir='ltr'><strong>uel</strong></span> <span class='ocrx_word' id='word_1_149' title='bbox 1252 1456 1540 1513; x_wconf 82' lang='grc' dir='ltr'><strong><em>παραινέσεις</em></strong></span> <span class='ocrx_word' id='word_1_150' title='bbox 1572 1452 1739 1498; x_wconf 85' lang='lat' dir='ltr'><strong>similes</strong></span> 
     </span>
     <span class='ocr_line' id='line_1_19' title="bbox 154 1522 1737 1585; baseline -0.001 -16"><span class='ocrx_word' id='word_1_151' title='bbox 154 1523 457 1585; x_wconf 80' lang='lat' dir='ltr'><strong>Theognideis</strong></span> <span class='ocrx_word' id='word_1_152' title='bbox 479 1524 660 1570; x_wconf 81' lang='lat' dir='ltr'><strong>finxisse</strong></span> <span class='ocrx_word' id='word_1_153' title='bbox 682 1539 783 1569; x_wconf 86' lang='lat' dir='ltr'><strong>cum</strong></span> <span class='ocrx_word' id='word_1_154' title='bbox 808 1524 956 1583; x_wconf 86' lang='lat' dir='ltr'><strong>aliquo</strong></span> <span class='ocrx_word' id='word_1_155' title='bbox 980 1524 1077 1568; x_wconf 89' lang='lat' dir='ltr'><strong>iure</strong></span> <span class='ocrx_word' id='word_1_156' title='bbox 1100 1530 1299 1570; x_wconf 80' lang='lat' dir='ltr'><strong>statuere</strong></span> <span class='ocrx_word' id='word_1_157' title='bbox 1316 1524 1576 1583; x_wconf 77' lang='lat' dir='ltr'><strong>poterimus.</strong></span> <span class='ocrx_word' id='word_1_158' title='bbox 1622 1522 1737 1569; x_wconf 87' lang='lat' dir='ltr'><strong>Inde</strong></span> 
     </span>
     <span class='ocr_line' id='line_1_20' title="bbox 152 1592 1738 1653; baseline 0 -15"><span class='ocrx_word' id='word_1_159' title='bbox 152 1596 285 1639; x_wconf 89' lang='lat' dir='ltr'><strong>etiam</strong></span> <span class='ocrx_word' id='word_1_160' title='bbox 309 1594 600 1652; x_wconf 81' lang='lat' dir='ltr'><strong>intelligitur,</strong></span> <span class='ocrx_word' id='word_1_161' title='bbox 632 1594 898 1652; x_wconf 74' lang='lat' dir='ltr'><strong>quisactum</strong></span> <span class='ocrx_word' id='word_1_162' title='bbox 923 1594 1006 1648; x_wconf 85' lang='lat' dir='ltr'><strong>sit,</strong></span> <span class='ocrx_word' id='word_1_163' title='bbox 1042 1600 1091 1638; x_wconf 87' lang='lat' dir='ltr'><strong>ut</strong></span> <span class='ocrx_word' id='word_1_164' title='bbox 1113 1592 1197 1652; x_wconf 82' lang='lat' dir='ltr'><strong>(cf.</strong></span> <span class='ocrx_word' id='word_1_165' title='bbox 1222 1594 1386 1653; x_wconf 81' lang='lat' dir='ltr'><strong>fragm.</strong></span> <span class='ocrx_word' id='word_1_166' title='bbox 1415 1594 1487 1652; x_wconf 87' lang='grc'><strong>6.)</strong></span> <span class='ocrx_word' id='word_1_167' title='bbox 1514 1594 1609 1639; x_wconf 87' lang='lat' dir='ltr'><strong>eius</strong></span> <span class='ocrx_word' id='word_1_168' title='bbox 1632 1609 1738 1638; x_wconf 88' lang='lat' dir='ltr'><strong>uer-</strong></span> 
     </span>
     <span class='ocr_line' id='line_1_21' title="bbox 152 1656 1738 1723; baseline 0 -15"><span class='ocrx_word' id='word_1_169' title='bbox 152 1679 227 1708; x_wconf 84' lang='lat' dir='ltr'><strong>sus</strong></span> <span class='ocrx_word' id='word_1_170' title='bbox 258 1664 309 1710; x_wconf 70' lang='lat' dir='ltr'><strong>in‘</strong></span> <span class='ocrx_word' id='word_1_171' title='bbox 338 1664 654 1722; x_wconf 78' lang='lat' dir='ltr'><strong>Theognideas</strong></span> <span class='ocrx_word' id='word_1_172' title='bbox 686 1664 893 1723; x_wconf 79' lang='lat' dir='ltr'><strong>reliquias</strong></span> <span class='ocrx_word' id='word_1_173' title='bbox 920 1664 1205 1722; x_wconf 84' lang='lat' dir='ltr'><strong>irrepserint,</strong></span> <span class='ocrx_word' id='word_1_174' title='bbox 1241 1679 1323 1708; x_wconf 89' lang='lat' dir='ltr'><strong>nec</strong></span> <span class='ocrx_word' id='word_1_175' title='bbox 1345 1656 1586 1723; x_wconf 85' lang='lat' dir='ltr'><strong>impetrare</strong></span> <span class='ocrx_word' id='word_1_176' title='bbox 1609 1680 1636 1709; x_wconf 90' lang='lat' dir='ltr'><strong>a</strong></span> <span class='ocrx_word' id='word_1_177' title='bbox 1666 1680 1738 1708; x_wconf 78' lang='lat' dir='ltr'><strong>me</strong></span> 
     </span>
     <span class='ocr_line' id='line_1_22' title="bbox 153 1733 1739 1794; baseline 0.001 -16"><span class='ocrx_word' id='word_1_178' title='bbox 153 1749 347 1792; x_wconf 85' lang='lat' dir='ltr'><strong>possum,</strong></span> <span class='ocrx_word' id='word_1_179' title='bbox 371 1734 476 1794; x_wconf 87' lang='lat' dir='ltr'><strong>quin</strong></span> <span class='ocrx_word' id='word_1_180' title='bbox 502 1734 653 1793; x_wconf 88' lang='lat' dir='ltr'><strong>plures</strong></span> <span class='ocrx_word' id='word_1_181' title='bbox 675 1733 823 1778; x_wconf 86' lang='lat' dir='ltr'><strong>Eueni</strong></span> <span class='ocrx_word' id='word_1_182' title='bbox 849 1748 1004 1779; x_wconf 88' lang='lat' dir='ltr'><strong>uersus</strong></span> <span class='ocrx_word' id='word_1_183' title='bbox 1027 1734 1071 1778; x_wconf 91' lang='lat' dir='ltr'><strong>in</strong></span> <span class='ocrx_word' id='word_1_184' title='bbox 1096 1733 1162 1778; x_wconf 90' lang='lat' dir='ltr'><strong>his</strong></span> <span class='ocrx_word' id='word_1_185' title='bbox 1178 1734 1318 1779; x_wconf 86' lang='lat' dir='ltr'><strong>latere</strong></span> <span class='ocrx_word' id='word_1_186' title='bbox 1343 1735 1556 1794; x_wconf 81' lang='lat' dir='ltr'><strong>suspicer.</strong></span> <span class='ocrx_word' id='word_1_187' title='bbox 1611 1734 1739 1784; x_wconf 83' lang='lat' dir='ltr'><strong>Quae</strong></span> 
     </span>
     <span class='ocr_line' id='line_1_23' title="bbox 151 1803 1738 1862; baseline 0.001 -14"><span class='ocrx_word' id='word_1_188' title='bbox 151 1819 288 1862; x_wconf 88' lang='lat' dir='ltr'><strong>quum</strong></span> <span class='ocrx_word' id='word_1_189' title='bbox 320 1805 382 1849; x_wconf 89' lang='lat' dir='ltr'><strong>ita</strong></span> <span class='ocrx_word' id='word_1_190' title='bbox 415 1805 528 1858; x_wconf 86' lang='lat' dir='ltr'><strong>sint,</strong></span> <span class='ocrx_word' id='word_1_191' title='bbox 563 1804 723 1850; x_wconf 88' lang='lat' dir='ltr'><strong>Eueno</strong></span> <span class='ocrx_word' id='word_1_192' title='bbox 753 1803 872 1848; x_wconf 86' lang='lat' dir='ltr'><strong>haud</strong></span> <span class='ocrx_word' id='word_1_193' title='bbox 903 1803 1036 1849; x_wconf 86' lang='lat' dir='ltr'><strong>dubie</strong></span> <span class='ocrx_word' id='word_1_194' title='bbox 1067 1803 1360 1849; x_wconf 84' lang='lat' dir='ltr'><strong>adiudicanda</strong></span> <span class='ocrx_word' id='word_1_195' title='bbox 1383 1812 1517 1850; x_wconf 86' lang='lat' dir='ltr'><strong>erunt</strong></span> <span class='ocrx_word' id='word_1_196' title='bbox 1539 1805 1738 1849; x_wconf 85' lang='lat' dir='ltr'><strong>carmina</strong></span> 
     </span>
     <span class='ocr_line' id='line_1_24' title="bbox 154 1873 1736 1933; baseline -0.001 -13"><span class='ocrx_word' id='word_1_197' title='bbox 154 1880 202 1927; x_wconf 79' lang='lat'><strong>2,</strong></span> <span class='ocrx_word' id='word_1_198' title='bbox 228 1878 277 1929; x_wconf 84' lang='lat'><strong>3,</strong></span> <span class='ocrx_word' id='word_1_199' title='bbox 305 1878 349 1920; x_wconf 85' lang='lat'><strong>4.</strong></span> <span class='ocrx_word' id='word_1_200' title='bbox 410 1875 603 1920; x_wconf 83' lang='lat' dir='ltr'><strong>Carmen</strong></span> <span class='ocrx_word' id='word_1_201' title='bbox 632 1876 659 1919; x_wconf 90' lang='lat'><strong><em>5</em></strong></span> <span class='ocrx_word' id='word_1_202' title='bbox 689 1874 834 1920; x_wconf 87' lang='lat' dir='ltr'><strong>nescio</strong></span> <span class='ocrx_word' id='word_1_203' title='bbox 857 1890 913 1919; x_wconf 90' lang='lat' dir='ltr'><strong>an</strong></span> <span class='ocrx_word' id='word_1_204' title='bbox 937 1889 1038 1918; x_wconf 87' lang='lat' dir='ltr'><strong>eum</strong></span> <span class='ocrx_word' id='word_1_205' title='bbox 1065 1875 1253 1920; x_wconf 86' lang='lat' dir='ltr'><strong>Hermia</strong></span> <span class='ocrx_word' id='word_1_206' title='bbox 1278 1873 1420 1920; x_wconf 88' lang='lat' dir='ltr'><strong>eidem</strong></span> <span class='ocrx_word' id='word_1_207' title='bbox 1447 1881 1604 1933; x_wconf 84' lang='lat' dir='ltr'><strong>poetae</strong></span> <span class='ocrx_word' id='word_1_208' title='bbox 1626 1876 1736 1919; x_wconf 85' lang='lat' dir='ltr'><strong>assi-</strong></span> 
     </span>
     <span class='ocr_line' id='line_1_25' title="bbox 150 1942 1735 2004; baseline 0.001 -15"><span class='ocrx_word' id='word_1_209' title='bbox 150 1944 379 2003; x_wconf 84' lang='lat' dir='ltr'><strong>gnandum</strong></span> <span class='ocrx_word' id='word_1_210' title='bbox 405 1943 483 1998; x_wconf 88' lang='lat' dir='ltr'><strong>sit;</strong></span> <span class='ocrx_word' id='word_1_211' title='bbox 518 1942 722 2004; x_wconf 89' lang='lat' dir='ltr'><strong>equidem</strong></span> <span class='ocrx_word' id='word_1_212' title='bbox 749 1944 842 1989; x_wconf 84' lang='lat' dir='ltr'><strong>sere</strong></span> <span class='ocrx_word' id='word_1_213' title='bbox 868 1944 973 1990; x_wconf 88' lang='lat' dir='ltr'><strong>mihi</strong></span> <span class='ocrx_word' id='word_1_214' title='bbox 998 1944 1255 2004; x_wconf 85' lang='lat' dir='ltr'><strong>persuadeo,</strong></span> <span class='ocrx_word' id='word_1_215' title='bbox 1280 1944 1587 2003; x_wconf 86' lang='lat' dir='ltr'><strong>petitnmesse</strong></span> <span class='ocrx_word' id='word_1_216' title='bbox 1614 1945 1735 1990; x_wconf 84' lang='lat' dir='ltr'><strong>hunc</strong></span> 
     </span>
     <span class='ocr_line' id='line_1_26' title="bbox 152 2014 1735 2073; baseline 0.001 -15"><span class='ocrx_word' id='word_1_217' title='bbox 152 2029 329 2059; x_wconf 86' lang='lat' dir='ltr'><strong>uersum</strong></span> <span class='ocrx_word' id='word_1_218' title='bbox 354 2030 409 2058; x_wconf 85' lang='lat' dir='ltr'><strong>ex</strong></span> <span class='ocrx_word' id='word_1_219' title='bbox 436 2014 639 2071; x_wconf 83' lang='lat' dir='ltr'><strong>longiore</strong></span> <span class='ocrx_word' id='word_1_220' title='bbox 661 2015 879 2068; x_wconf 86' lang='lat' dir='ltr'><strong>carmine,</strong></span> <span class='ocrx_word' id='word_1_221' title='bbox 915 2015 958 2058; x_wconf 91' lang='lat' dir='ltr'><strong>in</strong></span> <span class='ocrx_word' id='word_1_222' title='bbox 984 2029 1071 2072; x_wconf 91' lang='lat' dir='ltr'><strong>quo</strong></span> <span class='ocrx_word' id='word_1_223' title='bbox 1096 2014 1154 2057; x_wconf 91' lang='lat' dir='ltr'><strong>de</strong></span> <span class='ocrx_word' id='word_1_224' title='bbox 1185 2015 1334 2072; x_wconf 87' lang='lat' dir='ltr'><strong>pueris</strong></span> <span class='ocrx_word' id='word_1_225' title='bbox 1356 2014 1598 2073; x_wconf 84' lang='lat' dir='ltr'><strong>diligenter</strong></span> <span class='ocrx_word' id='word_1_226' title='bbox 1622 2015 1735 2059; x_wconf 90' lang='lat' dir='ltr'><strong>edu-</strong></span> 
     </span>
     <span class='ocr_line' id='line_1_27' title="bbox 150 2082 1735 2145; baseline 0.001 -18"><span class='ocrx_word' id='word_1_227' title='bbox 150 2083 315 2129; x_wconf 88' lang='lat' dir='ltr'><strong>candis·</strong></span> <span class='ocrx_word' id='word_1_228' title='bbox 325 2091 452 2144; x_wconf 85' lang='lat' dir='ltr'><strong>poeta</strong></span> <span class='ocrx_word' id='word_1_229' title='bbox 477 2086 613 2128; x_wconf 86' lang='lat' dir='ltr'><strong>uerba</strong></span> <span class='ocrx_word' id='word_1_230' title='bbox 638 2083 805 2130; x_wconf 84' lang='lat' dir='ltr'><strong>fecerit.</strong></span> <span class='ocrx_word' id='word_1_231' title='bbox 866 2084 1058 2128; x_wconf 84' lang='lat' dir='ltr'><strong>Carmen</strong></span> <span class='ocrx_word' id='word_1_232' title='bbox 1087 2089 1115 2129; x_wconf 89' lang='lat'>6</span> <span class='ocrx_word' id='word_1_233' title='bbox 1142 2082 1193 2143; x_wconf 87' lang='lat' dir='ltr'><strong>(a</strong></span> <span class='ocrx_word' id='word_1_234' title='bbox 1212 2091 1258 2129; x_wconf 88' lang='lat' dir='ltr'><strong>et</strong></span> <span class='ocrx_word' id='word_1_235' title='bbox 1277 2083 1348 2144; x_wconf 86' lang='lat' dir='ltr'><strong>b),</strong></span> <span class='ocrx_word' id='word_1_236' title='bbox 1384 2100 1472 2144; x_wconf 92' lang='lat' dir='ltr'><strong>quo</strong></span> <span class='ocrx_word' id='word_1_237' title='bbox 1497 2093 1735 2145; x_wconf 85' lang='lat' dir='ltr'><strong>praecepta</strong></span> 
     </span>
     <span class='ocr_line' id='line_1_28' title="bbox 88 2154 1736 2215; baseline 0.001 -17"><span class='ocrx_word' id='word_1_238' title='bbox 88 2154 92 2157; x_wconf 51' lang='grc'><strong>“</strong></span> <span class='ocrx_word' id='word_1_239' title='bbox 151 2155 397 2199; x_wconf 77' lang='lat' dir='ltr'><strong>conuiualia</strong></span> <span class='ocrx_word' id='word_1_240' title='bbox 409 2154 710 2208; x_wconf 88' lang='lat' dir='ltr'><strong>continentur,</strong></span> <span class='ocrx_word' id='word_1_241' title='bbox 734 2154 880 2213; x_wconf 89' lang='lat' dir='ltr'><strong>qualia</strong></span> <span class='ocrx_word' id='word_1_242' title='bbox 893 2154 1026 2198; x_wconf 88' lang='lat' dir='ltr'><strong>etiam</strong></span> <span class='ocrx_word' id='word_1_243' title='bbox 1038 2154 1268 2214; x_wconf 81' lang='lat' dir='ltr'><strong>Theognis</strong></span> <span class='ocrx_word' id='word_1_244' title='bbox 1280 2155 1412 2199; x_wconf 81' lang='lat' dir='ltr'><strong>finxit</strong></span> <span class='ocrx_word' id='word_1_245' title='bbox 1434 2154 1736 2215; x_wconf 73' lang='lat' dir='ltr'><strong>(cLTlieogn.</strong></span> 
     </span>
     <span class='ocr_line' id='line_1_29' title="bbox 153 2223 1734 2285; baseline 0.003 -18"><span class='ocrx_word' id='word_1_246' title='bbox 153 2224 256 2269; x_wconf 87' lang='lat' dir='ltr'><strong>inde</strong></span> <span class='ocrx_word' id='word_1_247' title='bbox 280 2241 305 2270; x_wconf 89' lang='lat' dir='ltr'><strong>a</strong></span> <span class='ocrx_word' id='word_1_248' title='bbox 327 2240 442 2269; x_wconf 86' lang='lat' dir='ltr'><strong>uers.</strong></span> <span class='ocrx_word' id='word_1_249' title='bbox 464 2230 580 2270; x_wconf 82' lang='lat'><strong>291.</strong></span> <span class='ocrx_word' id='word_1_250' title='bbox 598 2240 691 2284; x_wconf 86' lang='lat' dir='ltr'><strong>sqq.</strong></span> <span class='ocrx_word' id='word_1_251' title='bbox 717 2224 788 2269; x_wconf 90' lang='lat' dir='ltr'><strong>ed.</strong></span> <span class='ocrx_word' id='word_1_252' title='bbox 809 2223 1028 2285; x_wconf 83' lang='lat' dir='ltr'><strong>Welek.)‚</strong></span> <span class='ocrx_word' id='word_1_253' title='bbox 1063 2240 1188 2284; x_wconf 86' lang='lat' dir='ltr'><strong>posse</strong></span> <span class='ocrx_word' id='word_1_254' title='bbox 1205 2226 1260 2270; x_wconf 86' lang='lat' dir='ltr'><strong>ab</strong></span> <span class='ocrx_word' id='word_1_255' title='bbox 1278 2225 1361 2271; x_wconf 87' lang='lat' dir='ltr'><strong>hoc</strong></span> <span class='ocrx_word' id='word_1_256' title='bbox 1381 2233 1550 2270; x_wconf 84' lang='lat' dir='ltr'><strong>tantum</strong></span> <span class='ocrx_word' id='word_1_257' title='bbox 1573 2226 1734 2271; x_wconf 89' lang='lat' dir='ltr'><strong>Eueno</strong></span> 
     </span>
     <span class='ocr_line' id='line_1_30' title="bbox 152 2289 1733 2358; baseline 0.002 -20"><span class='ocrx_word' id='word_1_258' title='bbox 152 2295 398 2353; x_wconf 80' lang='lat' dir='ltr'><strong>profectum</strong></span> <span class='ocrx_word' id='word_1_259' title='bbox 432 2311 527 2358; x_wconf 80' lang='lat' dir='ltr'><strong>esse</strong></span> <span class='ocrx_word' id='word_1_260' title='bbox 561 2296 675 2340; x_wconf 77' lang='lat' dir='ltr'><strong>infra</strong></span> <span class='ocrx_word' id='word_1_261' title='bbox 710 2295 1055 2349; x_wconf 85' lang='lat' dir='ltr'><strong>declarabimus,</strong></span> <span class='ocrx_word' id='word_1_262' title='bbox 1089 2295 1199 2340; x_wconf 90' lang='lat' dir='ltr'><strong>illud</strong></span> <span class='ocrx_word' id='word_1_263' title='bbox 1231 2303 1380 2342; x_wconf 78' lang='lat' dir='ltr'><strong>autem</strong></span> <span class='ocrx_word' id='word_1_264' title='bbox 1414 2297 1611 2341; x_wconf 87' lang='lat' dir='ltr'><strong>iamhoc</strong></span> <span class='ocrx_word' id='word_1_265' title='bbox 1636 2289 1733 2341; x_wconf 84' lang='lat' dir='ltr'><strong>loco</strong></span> 
     </span>
     <span class='ocr_line' id='line_1_31' title="bbox 153 2365 1730 2428; baseline 0.001 -18"><span class='ocrx_word' id='word_1_266' title='bbox 153 2373 384 2411; x_wconf 86' lang='lat' dir='ltr'><strong>moneatur</strong></span> <span class='ocrx_word' id='word_1_267' title='bbox 419 2382 594 2412; x_wconf 86' lang='lat' dir='ltr'><strong>necesse</strong></span> <span class='ocrx_word' id='word_1_268' title='bbox 626 2373 718 2419; x_wconf 83' lang='lat' dir='ltr'><strong>est,</strong></span> <span class='ocrx_word' id='word_1_269' title='bbox 772 2382 826 2411; x_wconf 79' lang='lat' dir='ltr'><strong>ex</strong></span> <span class='ocrx_word' id='word_1_270' title='bbox 864 2365 945 2411; x_wconf 87' lang='lat' dir='ltr'><strong>boc</strong></span> <span class='ocrx_word' id='word_1_271' title='bbox 981 2366 1232 2428; x_wconf 82' lang='lat' dir='ltr'><strong>fragmento</strong></span> <span class='ocrx_word' id='word_1_272' title='bbox 1267 2367 1479 2426; x_wconf 87' lang='lat' dir='ltr'><strong>intelligi,</strong></span> <span class='ocrx_word' id='word_1_273' title='bbox 1524 2368 1730 2412; x_wconf 85' lang='lat' dir='ltr'><strong>Euenum</strong></span> 
     </span>
     <span class='ocr_line' id='line_1_32' title="bbox 151 2435 1732 2495; baseline 0.003 -18"><span class='ocrx_word' id='word_1_274' title='bbox 151 2435 326 2494; x_wconf 86' lang='lat' dir='ltr'><strong>longius</strong></span> <span class='ocrx_word' id='word_1_275' title='bbox 359 2452 536 2481; x_wconf 86' lang='lat' dir='ltr'><strong>carmen</strong></span> <span class='ocrx_word' id='word_1_276' title='bbox 573 2438 930 2495; x_wconf 86' lang='lat' dir='ltr'><strong>praeceptiuum,</strong></span> <span class='ocrx_word' id='word_1_277' title='bbox 974 2445 1022 2481; x_wconf 89' lang='lat' dir='ltr'><strong>ut</strong></span> <span class='ocrx_word' id='word_1_278' title='bbox 1058 2437 1367 2495; x_wconf 79' lang='lat' dir='ltr'><strong>&#39;Pheognidem</strong></span> <span class='ocrx_word' id='word_1_279' title='bbox 1408 2436 1465 2479; x_wconf 90' lang='lat' dir='ltr'><strong>ad</strong></span> <span class='ocrx_word' id='word_1_280' title='bbox 1508 2437 1732 2494; x_wconf 69' lang='lat' dir='ltr'><strong>Cyrnum,</strong></span> 
     </span>
     <span class='ocr_line' id='line_1_33' title="bbox 149 2498 1732 2570; baseline 0.003 -23"><span class='ocrx_word' id='word_1_281' title='bbox 149 2501 301 2549; x_wconf 62' lang='lat' dir='ltr'><strong>ita&#39;ad</strong></span> <span class='ocrx_word' id='word_1_282' title='bbox 335 2505 608 2551; x_wconf 87' lang='lat' dir='ltr'><strong>Simonidem</strong></span> <span class='ocrx_word' id='word_1_283' title='bbox 644 2505 863 2566; x_wconf 86' lang='lat' dir='ltr'><strong>quendam</strong></span> <span class='ocrx_word' id='word_1_284' title='bbox 894 2498 1141 2567; x_wconf 85' lang='lat' dir='ltr'><strong>scripsisse,</strong></span> <span class='ocrx_word' id='word_1_285' title='bbox 1188 2506 1244 2551; x_wconf 92' lang='lat' dir='ltr'><strong>de</strong></span> <span class='ocrx_word' id='word_1_286' title='bbox 1275 2522 1374 2565; x_wconf 86' lang='lat' dir='ltr'><strong>quo</strong></span> <span class='ocrx_word' id='word_1_287' title='bbox 1414 2506 1642 2552; x_wconf 87' lang='lat' dir='ltr'><strong>Simonide</strong></span> <span class='ocrx_word' id='word_1_288' title='bbox 1667 2510 1732 2570; x_wconf 80' lang='lat'><strong>**)</strong></span> 
     </span>
    </p>
   </div>
   <div class='ocr_carea' id='block_1_3' title="bbox 169 2641 1731 2996">
    <p class='ocr_par' dir='ltr' id='par_1_3' title="bbox 175 2641 1731 2941">
     <span class='ocr_line' id='line_1_34' title="bbox 175 2641 1729 2701; baseline 0.004 -15"><span class='ocrx_word' id='word_1_289' title='bbox 175 2641 181 2645; x_wconf 46' lang='lat'><strong>¹</strong></span> <span class='ocrx_word' id='word_1_290' title='bbox 204 2648 240 2696; x_wconf 88' lang='lat'><strong>*)</strong></span> <span class='ocrx_word' id='word_1_291' title='bbox 260 2645 442 2686; x_wconf 88' lang='lat' dir='ltr'><strong>Similiter</strong></span> <span class='ocrx_word' id='word_1_292' title='bbox 461 2649 623 2701; x_wconf 73' lang='lat' dir='ltr'><strong>Tyrtaeo</strong></span> <span class='ocrx_word' id='word_1_293' title='bbox 643 2647 849 2698; x_wconf 73' lang='grc' dir='ltr'><strong>ὑποθήκας</strong></span> <span class='ocrx_word' id='word_1_294' title='bbox 867 2652 920 2691; x_wconf 82' lang='grc' dir='ltr'><strong>δι’</strong></span> <span class='ocrx_word' id='word_1_295' title='bbox 941 2651 1104 2701; x_wconf 70' lang='grc' dir='ltr'><strong>ἐλεγείας</strong></span> <span class='ocrx_word' id='word_1_296' title='bbox 1123 2650 1232 2691; x_wconf 91' lang='lat' dir='ltr'><strong>Suid.</strong></span> <span class='ocrx_word' id='word_1_297' title='bbox 1252 2665 1284 2691; x_wconf 77' lang='lat' dir='ltr'><strong>s·</strong></span> <span class='ocrx_word' id='word_1_298' title='bbox 1305 2665 1345 2691; x_wconf 89' lang='lat' dir='ltr'><strong>u.</strong></span> <span class='ocrx_word' id='word_1_299' title='bbox 1369 2655 1561 2701; x_wconf 77' lang='grc' dir='ltr'><strong><em>Τυρταῖος</em></strong></span> <span class='ocrx_word' id='word_1_300' title='bbox 1579 2650 1729 2692; x_wconf 83' lang='lat' dir='ltr'><strong>tribuit.</strong></span> 
     </span>
     <span class='ocr_line' id='line_1_35' title="bbox 185 2705 1730 2765; baseline 0.006 -21"><span class='ocrx_word' id='word_1_301' title='bbox 185 2707 240 2755; x_wconf 84' lang='lat'><strong>**)</strong></span> <span class='ocrx_word' id='word_1_302' title='bbox 261 2705 357 2745; x_wconf 87' lang='lat' dir='ltr'><strong>Vide</strong></span> <span class='ocrx_word' id='word_1_303' title='bbox 376 2718 422 2743; x_wconf 87' lang='lat' dir='ltr'><strong>an</strong></span> <span class='ocrx_word' id='word_1_304' title='bbox 442 2705 538 2746; x_wconf 84' lang='lat' dir='ltr'><strong>forte</strong></span> <span class='ocrx_word' id='word_1_305' title='bbox 557 2708 655 2749; x_wconf 87' lang='lat' dir='ltr'><strong>Ceus</strong></span> <span class='ocrx_word' id='word_1_306' title='bbox 675 2709 798 2749; x_wconf 89' lang='lat' dir='ltr'><strong>minor</strong></span> <span class='ocrx_word' id='word_1_307' title='bbox 817 2710 942 2754; x_wconf 78' lang='lat' dir='ltr'><strong>dictus</strong></span> <span class='ocrx_word' id='word_1_308' title='bbox 960 2711 1024 2760; x_wconf 81' lang='lat' dir='ltr'><strong>sit,</strong></span> <span class='ocrx_word' id='word_1_309' title='bbox 1054 2711 1099 2751; x_wconf 88' lang='lat' dir='ltr'><strong>de</strong></span> <span class='ocrx_word' id='word_1_310' title='bbox 1119 2724 1200 2765; x_wconf 90' lang='lat' dir='ltr'><strong>quo</strong></span> <span class='ocrx_word' id='word_1_311' title='bbox 1217 2710 1356 2750; x_wconf 88' lang='lat' dir='ltr'><strong>Suidas</strong></span> <span class='ocrx_word' id='word_1_312' title='bbox 1374 2713 1421 2759; x_wconf 88' lang='lat' dir='ltr'><strong>(s.</strong></span> <span class='ocrx_word' id='word_1_313' title='bbox 1442 2726 1483 2752; x_wconf 94' lang='lat' dir='ltr'><strong>u.</strong></span> <span class='ocrx_word' id='word_1_314' title='bbox 1499 2712 1730 2760; x_wconf 72' lang='grc' dir='ltr'>Σιμωνίδης)</span> 
     </span>
     <span class='ocr_line' id='line_1_36' title="bbox 260 2762 1731 2820; baseline 0.003 -17"><span class='ocrx_word' id='word_1_315' title='bbox 260 2763 355 2804; x_wconf 85' lang='lat' dir='ltr'><strong>haec</strong></span> <span class='ocrx_word' id='word_1_316' title='bbox 374 2762 510 2802; x_wconf 82' lang='lat' dir='ltr'><strong>habet:</strong></span> <span class='ocrx_word' id='word_1_317' title='bbox 539 2768 755 2817; x_wconf 74' lang='grc' dir='ltr'><strong><em>Σιμωνίδης</em></strong></span> <span class='ocrx_word' id='word_1_318' title='bbox 780 2774 897 2815; x_wconf 81' lang='grc' dir='ltr'><strong><em>Κεῖος</em></strong></span> <span class='ocrx_word' id='word_1_319' title='bbox 922 2771 1175 2819; x_wconf 79' lang='grc' dir='ltr'><em>θυγατριδοῦς</em></span> <span class='ocrx_word' id='word_1_320' title='bbox 1201 2769 1297 2807; x_wconf 79' lang='grc' dir='ltr'><strong>κατά</strong></span> <span class='ocrx_word' id='word_1_321' title='bbox 1321 2784 1426 2814; x_wconf 86' lang='grc' dir='ltr'><strong><em>τινας</em></strong></span> <span class='ocrx_word' id='word_1_322' title='bbox 1451 2774 1521 2811; x_wconf 82' lang='grc' dir='ltr'><strong>τοῦ</strong></span> <span class='ocrx_word' id='word_1_323' title='bbox 1541 2769 1731 2820; x_wconf 80' lang='grc' dir='ltr'><strong><em>προτέρου</em></strong></span> 
     </span>
     <span class='ocr_line' id='line_1_37' title="bbox 260 2819 1731 2883; baseline 0.003 -22"><span class='ocrx_word' id='word_1_324' title='bbox 260 2822 310 2869; x_wconf 91' lang='lat' dir='ltr'><strong>(i.</strong></span> <span class='ocrx_word' id='word_1_325' title='bbox 339 2837 371 2862; x_wconf 90' lang='lat' dir='ltr'><strong>e.</strong></span> <span class='ocrx_word' id='word_1_326' title='bbox 401 2819 627 2883; x_wconf 84' lang='lat' dir='ltr'><strong>celeberrimi</strong></span> <span class='ocrx_word' id='word_1_327' title='bbox 655 2825 755 2866; x_wconf 73' lang='lat' dir='ltr'><strong>iulus</strong></span> <span class='ocrx_word' id='word_1_328' title='bbox 784 2828 897 2877; x_wconf 88' lang='lat' dir='ltr'><strong>Cei),</strong></span> <span class='ocrx_word' id='word_1_329' title='bbox 926 2824 969 2871; x_wconf 74' lang='grc' dir='ltr'><strong>ὃς</strong></span> <span class='ocrx_word' id='word_1_330' title='bbox 996 2826 1189 2877; x_wconf 78' lang='grc' dir='ltr'><strong><em>ἐπεκλήθη</em></strong></span> <span class='ocrx_word' id='word_1_331' title='bbox 1216 2830 1468 2880; x_wconf 79' lang='grc' dir='ltr'><strong><em>Μελικέρτης·</em></strong></span> <span class='ocrx_word' id='word_1_332' title='bbox 1497 2830 1624 2879; x_wconf 76' lang='grc' dir='ltr'><strong><em>γέγονε</em></strong></span> <span class='ocrx_word' id='word_1_333' title='bbox 1653 2826 1731 2878; x_wconf 82' lang='grc' dir='ltr'><strong>πρὸ</strong></span> 
     </span>
     <span class='ocr_line' id='line_1_38' title="bbox 258 2883 1730 2941; baseline 0.007 -24"><span class='ocrx_word' id='word_1_334' title='bbox 258 2883 331 2918; x_wconf 80' lang='grc' dir='ltr'><strong>τῶν</strong></span> <span class='ocrx_word' id='word_1_335' title='bbox 357 2884 736 2933; x_wconf 71' lang='grc' dir='ltr'><strong><em>Πελοποννησιακῶν,</em></strong></span> <span class='ocrx_word' id='word_1_336' title='bbox 765 2888 830 2926; x_wconf 73' lang='grc' dir='ltr'><strong>καὶ</strong></span> <span class='ocrx_word' id='word_1_337' title='bbox 863 2887 1026 2941; x_wconf 74' lang='grc' dir='ltr'><strong><em>γέγραφε</em></strong></span> <span class='ocrx_word' id='word_1_338' title='bbox 1054 2890 1308 2938; x_wconf 76' lang='grc' dir='ltr'><strong><em>Γενεαλογίαν</em></strong></span> <span class='ocrx_word' id='word_1_339' title='bbox 1342 2889 1384 2930; x_wconf 79' lang='grc' dir='ltr'><strong>ἐν</strong></span> <span class='ocrx_word' id='word_1_340' title='bbox 1416 2891 1569 2940; x_wconf 74' lang='grc' dir='ltr'><strong><em>βιβλίοις</em></strong></span> <span class='ocrx_word' id='word_1_341' title='bbox 1592 2888 1730 2938; x_wconf 69' lang='grc' dir='ltr'><strong><em>τρισὶν,</em></strong></span> 
     </span>
    </p>

    <p class='ocr_par' dir='ltr' id='par_1_4' title="bbox 169 2938 1309 2996">
     <span class='ocr_line' id='line_1_39' title="bbox 169 2938 1309 2996; baseline 0.017 -21"><span class='ocrx_word' id='word_1_342' title='bbox 169 2964 179 2974; x_wconf 57' lang='lat'><em>2</em></span> <span class='ocrx_word' id='word_1_343' title='bbox 261 2938 458 2989; x_wconf 78' lang='grc' dir='ltr'><strong><em>εὑρήματα</em></strong></span> <span class='ocrx_word' id='word_1_344' title='bbox 481 2940 523 2980; x_wconf 79' lang='grc' dir='ltr'><strong>ἐν</strong></span> <span class='ocrx_word' id='word_1_345' title='bbox 543 2943 697 2993; x_wconf 77' lang='grc' dir='ltr'><strong><em>βιβλίοις</em></strong></span> <span class='ocrx_word' id='word_1_346' title='bbox 714 2948 846 2996; x_wconf 70' lang='grc' dir='ltr'><strong><em>τρισίν.</em></strong></span> <span class='ocrx_word' id='word_1_347' title='bbox 1307 2966 1309 2969; x_wconf 86' lang='grc'><em>·</em></span> 
     </span>
    </p>
   </div>
  </div>
 </body>
</html>
