1943 3223
939 167 1038 218 40

192 331 389 378 Cicadae
420 347 447 377 a
481 331 708 377 ueteribus
738 330 797 375 ob
827 338 986 377 cantus
1015 331 1281 383 suauitatem
1324 347 1598 396 magnopere
1631 333 1785 381 lauda-

191 404 357 448 bantur
378 403 652 464 maximique
674 402 1022 448 aestimabantur
1046 400 1130 464 (οἱ.
1152 403 1290 447 Hom.
1308 402 1466 449 Il.III.
1489 410 1604 454 151.
1625 408 1786 451 Anacr.

192 474 376 522 XLIII.
402 489 520 520 uers.
549 480 570 519 1
585 480 626 519 1.
645 488 711 532 sq.
736 471 856 518 Plat.
883 473 1073 518 Pbaedr.
1099 489 1141 532 p.
1162 476 1277 520 259.
1300 481 1348 518 et
1364 474 1555 520 Heindf.
1570 476 1629 522 ad
1645 477 1688 522 b.
1707 475 1787 538 l.);

192 560 334 604 quare
362 559 449 590 non
476 544 699 597 mediocre
722 550 792 588 est
813 544 983 589 crimen
997 576 1010 600 ,
1043 543 1168 589 cuius
1192 544 1235 588 in
1262 552 1413 590 nostro
1435 547 1634 604 carmine
1657 554 1788 606 poeta

192 615 478 661 hirundinem
504 616 701 668 incusat,
737 614 902 675 quippe
926 629 1041 675 quae
1064 613 1295 660 Musarum
1324 617 1511 662 amicam
1535 615 1788 663 dulcissime

191 694 426 733 canentem
451 684 732 746 surripuerit.
757 710 828 718 —
850 685 928 730 Vs.
956 691 998 731 1.
1029 681 1159 730 Ἀτθῐ
1181 683 1307 746 κόρα.
1369 687 1555 745 Euenus
1582 687 1785 735 hirundi-

192 773 294 803 nem
322 757 513 817 puellam
538 755 733 801 Atticam
760 762 891 800 uocat
917 756 974 801 ob
999 762 1146 800 notam
1174 755 1232 801 de
1257 757 1436 803 Procne
1465 765 1512 804 et
1536 758 1787 804 Philomela

191 827 466 888 (Pandionis
489 825 746 887 filiabus*))
782 825 1001 871 fabellam.
1026 826 1097 870 Cf.
1117 827 1321 887 Apollod.
1342 828 1434 873 III.
1458 830 1533 874 14.
1558 827 1787 889 (p.270).

190 899 372 943 Himer.
397 898 529 942 Orat.
554 897 646 942 111.
675 901 720 943 3.
755 913 799 957 p.
828 898 944 943 432.
980 894 1141 956 ἀφίημι
1171 897 1221 944 δὲ
1247 903 1323 943 καὶ
1345 904 1442 950 ταῖς
1462 897 1659 955 χελιδόσι
1688 905 1787 950 ταῖς

183 965 402 1019 Ἀττικαΐς
424 969 506 1014 τὸν
522 971 675 1026 μῦθον
697 968 867 1014 ἐκεῖνον
885 967 969 1013 τὸν
991 965 1201 1028 Θρᾴκιον.
1226 993 1297 1002 —-
1319 970 1629 1031 Μελίθρωττε,
1654 958 1786 1016 melle

189 1042 360 1085 nutrita
385 1048 431 1085 et
456 1046 694 1100 propterea
719 1038 933 1086 mellitam
961 1054 1114 1084 uocem
1139 1038 1346 1085 fundens.
1417 1042 1535 1092 Quin
1561 1042 1677 1087 enim
1703 1041 1786 1086 hoc

189 1112 418 1170 epitheton
443 1110 501 1154 ad
526 1109 649 1154 uocis
672 1110 938 1154 suauitatem
965 1108 1251 1154 referendum
1276 1111 1358 1165 sit,
1393 1119 1522 1155 extra
1547 1111 1785 1156 dubitatio-

191 1196 294 1226 nem
338 1188 407 1225 est
443 1179 659 1240 positum3
705 1195 804 1224 nam
841 1180 1197 1239 frequentissime
1228 1187 1406 1225 ueteres
1441 1182 1705 1240 scriptores,
1749 1180 1786 1225 si

189 1251 490 1311 eloquentiam
517 1251 872 1310 suauitatemque
895 1250 985 1294 oris
1009 1249 1206 1295 indicare
1224 1249 1448 1306 uolebant,
1484 1251 1694 1296 formulas
1714 1266 1785 1296 re-

188 1322 452 1381 petiuerant
486 1337 512 1365 a
546 1320 703 1375 melle,
740 1336 853 1380 quae
886 1319 1064 1380 quidem
1104 1336 1190 1364 uox
1224 1320 1462 1380 praecipue
1486 1321 1543 1367 de
1566 1322 1785 1367 suauitate

188 1393 413 1436 orationes
439 1397 650 1449 usurpata
675 1398 757 1434 est.
805 1390 929 1434 Hinc
957 1390 1199 1434 Phauorin.
1223 1405 1267 1448 p.
1291 1392 1405 1436 496.
1428 1392 1680 1452 μελίγηρυς,
1716 1387 1785 1436 εὕ-

188 1478 355 1521 φωνος,
379 1458 610 1520 ἣὸύφωνος
633 1460 803 1514 scribit,
828 1466 874 1503 et
900 1458 1101 1503 Platonis
1124 1460 1169 1503 in
1195 1474 1274 1503 ore
1297 1476 1403 1519 apes
1427 1461 1577 1505 fa'uum
1604 1462 1784 1506 finxisse

187 1540 235 1577 et
268 1531 518 1575 Pindarum
552 1530 608 1574 ab
640 1529 797 1588 apibus
830 1528 1047 1573 nutritum
1081 1545 1177 1574 esse
1210 1535 1386 1574 ueteres
1411 1539 1663 1576 narrarunt.
1711 1531 1783 1575 Cf.

188 1601 289 1647 Ael.
314 1602 371 1647 V.
396 1601 463 1645 H.
488 1599 602 1644 XII.
632 1602 713 1646 45.
750 1598 891 1643 Hom.
916 1597 974 1643 Il.
998 1599 1040 1643 1.
1068 1604 1149 1644 29.
1185 1602 1266 1644 τοῦ
1300 1602 1390 1654 (sc.
1415 1600 1678 1662 Νέστορος)
1710 1605 1785 1645 καῖ

186 1669 282 1717 ἀπὸ
307 1669 508 1729 γλώσσης
531 1670 705 1728 μέλιτος
727 1670 913 1725 γλυκίων
941 1668 1042 1729 ῥέεν
1065 1666 1189 1728 αὗόἥ.
1229 1668 1363 1714 Pind.
1389 1669 1461 1714 Ol.
1486 1670 1574 1716 XI.
1603 1672 1648 1718 4.
1684 1669 1782 1732 (ed.

188 1732 310 1788 Diss.
343 1739 601 1801 μελιγάρυες
633 1738 788 1797 ὕμνοι.
824 1738 931 1783 ibid.
964 1739 1071 1785 VII.
1114 1744 1189 1785 12.
1221 1744 1296 1783 καὶ
1327 1739 1411 1796 ἐγώ
1445 1744 1602 1802 νέκταρ
1629 1741 1782 1798 χυτὸν,

187 1814 380 1857 Μοισᾶν
416 1810 570 1864 δόσιν,
603 1807 882 1870 ἆθλοφόροις
906 1805 1147 1870 Ἀνδρᾶσιν
1169 1811 1386 1867 πέμπων,
1414 1812 1580 1875 ’γλυκῦν
1610 1813 1785 1873 καρπόν

187 1881 376 1943 φρενὸς,
411 1881 652 1938 ἱλάσκομαι
685 1896 752 1940 sq.
786 1887 834 1924 et
868 1880 1002 1924 Nem.
1034 1879 1127 1923 III.
1169 1882 1279 1925 134.
1322 1883 1486 1938 πέμπω
1516 1886 1783 1940 μεμίγμενον

186 1955 286 2011 μέλι
319 1955 459 2012 λευκῷ
494 1952 592 1997 Σύν
623 1948 832 2007 γάλακτι,
865 1951 1108 2010 κιρναμένα
1140 1947 1190 1993 δ’
1220 1948 1342 2012 ἔερσ’
1370 1948 1568 2012 ἀμφέπει
1578 1987 1595 2007 ,
1628 1950 1781 2010 Πόμπ’

184 2022 394 2081 ἀοίδιμον
432 2023 649 2087 Αἰολῇσιν
687 2021 738 2066 ἐν
777 2026 997 2065 πνοαῖσιν
1038 2017 1186 2066 αὗλῶν
1218 2038 1282 2082 sq.
1333 2021 1525 2068 Theocr.
1557 2024 1664 2070 VII.
1699 2029 1779 2071 82.

185 2094 501 2140 Memorabiles
532 2100 680 2138 autem
714 2091 953 2151 praecipue
976 2099 1081 2136 sunt
1109 2091 1154 2136 hi
1181 2092 1467 2138 Pherecratis
1498 2092 1595 2154 (ap.
1619 2094 1782 2139 Athen.

187 2166 293 2212 XV.
327 2181 370 2225 p.
399 2167 516 2211 685.
542 2161 623 2224 A.)
659 2177 838 2207 uersus:

391 2255 447 2302 Ὦ
468 2255 671 2314 μαλάχας
693 2260 776 2312 μὲν
799 2255 982 2315 ἐξερῶν,
1018 2253 1260 2301 ἀναπνέων
1284 2254 1330 2299 δ’
1352 2254 1587 2311 ὑάκινθον,

393 2333 471 2373 καὶ
493 2324 782 2386 μελιλώτινον
805 2326 953 2372 λαλῶν
976 2331 1050 2370 καὶ
1074 2324 1186 2386 ῥόδα
1209 2325 1542 2388 προσσεσηρώς.

391 2396 433 2445 αἶ
457 2400 607 2458 φιλῶν
625 2394 992 2455 μὲν“ἇμάρακον,
1027 2400 1274 2456 προςκινῶν
1297 2398 1346 2441 δὲ
1370 2399 1542 2452 σέλινα,

390 2471 532 2528 γελῶν
556 2466 602 2514 δ’
628 2467 905 2513 ἱπποσέλινα
928 2469 1002 2510 καὶ
1025 2465 1373 2525 κοσμοσάνδαλα
1390 2471 1573 2525 βαίνων,

393 2542 508 2598 ἔγχει
530 2538 730 2598 κᾶπιβοᾷ
753 2541 907 2598 τρίτον
929 2536 1117 2591 παιών’,
1153 2536 1210 2588 ὦς
1234 2536 1368 2595 νόμος
1390 2539 1527 2585 ἐστίν.

186 2634 305 2682 Inde
328 2636 460 2681 etiam
489 2625 648 2680 uocum
671 2634 997 2694 μελίφθογγος,
1034 2632 1313 2695 μελίρῤυτος,
1347 2635 1669 2693 μελίγλωσσος,
1704 2651 1779 2695 με·

242 2820 279 2870 *)
300 2818 460 2861 Hesiod.
489 2821 568 2873 Op.
591 2826 689 2862 566.

463 2888 543 2931 Τὸν
571 2890 612 2929 δὲ
642 2890 719 2940 μέτ’
749 2887 945 2945 ὀρθρογῦη
976 2890 1179 2934 Πανδιονὶς
1209 2886 1305 2942 ὦρτο
1334 2889 1487 2940 χελιδών

460 2949 502 2994 ἐς
531 2947 632 2998 φάος
658 2950 897 3000 ἀνθρώποις,
930 2948 1044 3000 ἔαρος
1071 2950 1161 2990 νέον
1188 2950 1414 3000 ἱσταμένοιο.
