<?xml version="1.0" encoding="UTF-8"?>
<!DOCTYPE html PUBLIC "-//W3C//DTD XHTML 1.0 Transitional//EN"
    "http://www.w3.org/TR/xhtml1/DTD/xhtml1-transitional.dtd">
<html xmlns="http://www.w3.org/1999/xhtml" xml:lang="en" lang="en">
 <head>
  <title>
</title>
<meta http-equiv="Content-Type" content="text/html;charset=utf-8" />
  <meta name='ocr-system' content='tesseract 3.04.00' />
  <meta name='ocr-capabilities' content='ocr_page ocr_carea ocr_par ocr_line ocrx_word'/>
</head>
<body>
  <div class='ocr_page' id='page_1' title='image "4737206_0030.png"; bbox 0 0 1943 3223; ppageno 0'>
   <div class='ocr_carea' id='block_1_1' title="bbox 955 196 1042 251">
    <p class='ocr_par' dir='ltr' id='par_1_1' title="bbox 955 196 1042 251">
     <span class='ocr_line' id='line_1_1' title="bbox 955 196 1042 251; baseline 0.023 -2"><span class='ocrx_word' id='word_1_1' title='bbox 955 196 1042 251; x_wconf 69' lang='lat'><strong>10</strong></span> 
     </span>
    </p>
   </div>
   <div class='ocr_carea' id='block_1_2' title="bbox 878 265 1204 274">
    <p class='ocr_par' dir='ltr' id='par_1_2' title="bbox 878 265 1204 274">
     <span class='ocr_line' id='line_1_2' title="bbox 878 265 1204 274; baseline 0 2949"><span class='ocrx_word' id='word_1_2' title='bbox 878 265 1204 274; x_wconf 95' lang='lat' dir='ltr'><strong> </strong></span> 
     </span>
    </p>
   </div>
   <div class='ocr_carea' id='block_1_3' title="bbox 190 422 1791 1267">
    <p class='ocr_par' dir='ltr' id='par_1_3' title="bbox 196 422 1791 842">
     <span class='ocr_line' id='line_1_3' title="bbox 293 422 1791 493; baseline 0.002 -18"><span class='ocrx_word' id='word_1_3' title='bbox 293 427 713 478; x_wconf 72' lang='lat' dir='ltr'><strong>AristotelesEthic.</strong></span> <span class='ocrx_word' id='word_1_4' title='bbox 724 422 902 477; x_wconf 80' lang='lat' dir='ltr'><strong>Nioom</strong></span> <span class='ocrx_word' id='word_1_5' title='bbox 913 428 1119 483; x_wconf 82' lang='lat' dir='ltr'><strong>VII,11.</strong></span> <span class='ocrx_word' id='word_1_6' title='bbox 1136 424 1220 493; x_wconf 64' lang='grc' dir='ltr'><strong>(οἱ.</strong></span> <span class='ocrx_word' id='word_1_7' title='bbox 1229 427 1380 480; x_wconf 68' lang='lat' dir='ltr'><strong>Ethio-</strong></span> <span class='ocrx_word' id='word_1_8' title='bbox 1391 428 1584 481; x_wconf 78' lang='lat' dir='ltr'><strong>Eudem.</strong></span> <span class='ocrx_word' id='word_1_9' title='bbox 1598 430 1677 477; x_wconf 87' lang='lat' dir='ltr'><strong>VI.</strong></span> <span class='ocrx_word' id='word_1_10' title='bbox 1686 434 1762 478; x_wconf 87' lang='grc'><strong>10.</strong></span> <span class='ocrx_word' id='word_1_11' title='bbox 1766 429 1791 490; x_wconf 86' lang='grc'>)</span> 
     </span>
     <span class='ocr_line' id='line_1_4' title="bbox 200 495 1790 560; baseline -0.002 -13"><span class='ocrx_word' id='word_1_12' title='bbox 200 500 309 547; x_wconf 78' lang='lat' dir='ltr'><strong>haec</strong></span> <span class='ocrx_word' id='word_1_13' title='bbox 332 500 489 548; x_wconf 77' lang='lat' dir='ltr'><strong>habet:</strong></span> <span class='ocrx_word' id='word_1_14' title='bbox 541 495 818 560; x_wconf 55' lang='lat' dir='ltr'><strong>Eue-atowe&amp;</strong></span> <span class='ocrx_word' id='word_1_15' title='bbox 852 499 902 547; x_wconf 68' lang='grc' dir='ltr'><strong>δὲ</strong></span> <span class='ocrx_word' id='word_1_16' title='bbox 933 502 1025 554; x_wconf 68' lang='grc' dir='ltr'><strong><em>τῶν</em></strong></span> <span class='ocrx_word' id='word_1_17' title='bbox 1056 496 1307 560; x_wconf 58' lang='lat' dir='ltr'><strong>dammi»,</strong></span> <span class='ocrx_word' id='word_1_18' title='bbox 1341 497 1396 558; x_wconf 75' lang='grc' dir='ltr'><strong><em>ἣν</em></strong></span> <span class='ocrx_word' id='word_1_19' title='bbox 1418 499 1467 544; x_wconf 81' lang='grc' dir='ltr'><strong>οἶ</strong></span> <span class='ocrx_word' id='word_1_20' title='bbox 1481 502 1790 559; x_wconf 59' lang='lat' dir='ltr'><strong>nai-armanni</strong></span> 
     </span>
     <span class='ocr_line' id='line_1_5' title="bbox 198 568 1790 636; baseline 0.001 -20"><span class='ocrx_word' id='word_1_21' title='bbox 198 568 545 632; x_wconf 69' lang='grc' dir='ltr'><strong><em>ὧιρατεύονται,</em></strong></span> <span class='ocrx_word' id='word_1_22' title='bbox 579 573 673 618; x_wconf 78' lang='grc' dir='ltr'><strong><em>τῶν,</em></strong></span> <span class='ocrx_word' id='word_1_23' title='bbox 687 571 1061 628; x_wconf 74' lang='grc' dir='ltr'><strong><em>βουλευσαμένων</em></strong></span> <span class='ocrx_word' id='word_1_24' title='bbox 1087 574 1189 627; x_wconf 82' lang='grc' dir='ltr'><strong><em>μὲν,</em></strong></span> <span class='ocrx_word' id='word_1_25' title='bbox 1220 569 1280 629; x_wconf 65' lang='grc' dir='ltr'><strong>μὴ</strong></span> <span class='ocrx_word' id='word_1_26' title='bbox 1302 568 1586 636; x_wconf 68' lang='grc' dir='ltr'><strong><em>ἐμμενόντων</em></strong></span> <span class='ocrx_word' id='word_1_27' title='bbox 1598 572 1691 620; x_wconf 74' lang='grc' dir='ltr'><strong>δέ·</strong></span> <span class='ocrx_word' id='word_1_28' title='bbox 1711 577 1790 628; x_wconf 75' lang='grc' dir='ltr'><strong>καὶ</strong></span> 
     </span>
     <span class='ocr_line' id='line_1_6' title="bbox 197 638 1788 707; baseline 0 -21"><span class='ocrx_word' id='word_1_29' title='bbox 197 640 245 687; x_wconf 91' lang='grc' dir='ltr'><strong>οι</strong></span> <span class='ocrx_word' id='word_1_30' title='bbox 264 642 314 687; x_wconf 81' lang='grc' dir='ltr'><strong>δὲ</strong></span> <span class='ocrx_word' id='word_1_31' title='bbox 341 642 534 698; x_wconf 76' lang='grc' dir='ltr'><strong><em>ἐθισμοῦ</em></strong></span> <span class='ocrx_word' id='word_1_32' title='bbox 565 638 808 701; x_wconf 69' lang='grc' dir='ltr'><strong><em>ἀκρατεῖς,</em></strong></span> <span class='ocrx_word' id='word_1_33' title='bbox 805 644 921 688; x_wconf 81' lang='grc' dir='ltr'><strong><em>τῶν</em></strong></span> <span class='ocrx_word' id='word_1_34' title='bbox 954 644 1177 699; x_wconf 76' lang='grc' dir='ltr'><strong><em>φυσικῶν.</em></strong></span> <span class='ocrx_word' id='word_1_35' title='bbox 1213 640 1334 700; x_wconf 73' lang='grc' dir='ltr'><strong><em>ῥᾷον</em></strong></span> <span class='ocrx_word' id='word_1_36' title='bbox 1357 641 1441 707; x_wconf 71' lang='grc' dir='ltr'><strong>γὰρ</strong></span> <span class='ocrx_word' id='word_1_37' title='bbox 1476 641 1583 692; x_wconf 68' lang='grc' dir='ltr'><strong>ἔθος</strong></span> <span class='ocrx_word' id='word_1_38' title='bbox 1611 658 1788 704; x_wconf 66' lang='grc' dir='ltr'><strong><em>μετακι-</em></strong></span> 
     </span>
     <span class='ocr_line' id='line_1_7' title="bbox 196 709 1789 809; baseline 0.001 -53"><span class='ocrx_word' id='word_1_39' title='bbox 196 716 330 798; x_wconf 75' lang='grc' dir='ltr'><strong><em>νῆσαι</em></strong></span> <span class='ocrx_word' id='word_1_40' title='bbox 353 710 550 771; x_wconf 78' lang='grc' dir='ltr'><strong>φύσεως.</strong></span> <span class='ocrx_word' id='word_1_41' title='bbox 587 711 665 755; x_wconf 77' lang='grc' dir='ltr'><strong><em>διὰ</em></strong></span> <span class='ocrx_word' id='word_1_42' title='bbox 686 710 769 771; x_wconf 75' lang='grc' dir='ltr'><strong>γὰρ</strong></span> <span class='ocrx_word' id='word_1_43' title='bbox 792 713 927 759; x_wconf 81' lang='grc' dir='ltr'><strong><em>τοῦτο</em></strong></span> <span class='ocrx_word' id='word_1_44' title='bbox 950 716 1025 755; x_wconf 73' lang='grc' dir='ltr'><strong>καὶ</strong></span> <span class='ocrx_word' id='word_1_45' title='bbox 1055 710 1109 756; x_wconf 77' lang='grc' dir='ltr'><strong>τὸ</strong></span> <span class='ocrx_word' id='word_1_46' title='bbox 1133 709 1239 762; x_wconf 68' lang='grc' dir='ltr'><strong>ἔθος</strong></span> <span class='ocrx_word' id='word_1_47' title='bbox 1259 711 1507 766; x_wconf 60' lang='grc' dir='ltr'><strong>χαλεπὸντ</strong></span> <span class='ocrx_word' id='word_1_48' title='bbox 1490 711 1560 759; x_wconf 87' lang='grc' dir='ltr'><strong><em>ότι</em></strong></span> <span class='ocrx_word' id='word_1_49' title='bbox 1582 715 1635 778; x_wconf 76' lang='grc' dir='ltr'><strong>τῇ</strong></span> <span class='ocrx_word' id='word_1_50' title='bbox 1652 710 1789 809; x_wconf 77' lang='grc' dir='ltr'><strong><em>φύσει</em></strong></span> 
     </span>
     <span class='ocr_line' id='line_1_8' title="bbox 196 778 1186 842; baseline -0.003 -14"><span class='ocrx_word' id='word_1_51' title='bbox 196 782 362 836; x_wconf 84' lang='grc' dir='ltr'><strong><em>έοικεν,</em></strong></span> <span class='ocrx_word' id='word_1_52' title='bbox 398 780 543 842; x_wconf 80' lang='grc' dir='ltr'><strong><em>ωςπερ</em></strong></span> <span class='ocrx_word' id='word_1_53' title='bbox 566 786 642 827; x_wconf 83' lang='grc' dir='ltr'><strong>καὶ</strong></span> <span class='ocrx_word' id='word_1_54' title='bbox 664 778 834 840; x_wconf 72' lang='grc' dir='ltr'><strong><em>Εὔηνος</em></strong></span> <span class='ocrx_word' id='word_1_55' title='bbox 856 783 1024 838; x_wconf 75' lang='grc' dir='ltr'><strong><em>λέγει’·</em></strong></span> <span class='ocrx_word' id='word_1_56' title='bbox 1181 800 1186 806; x_wconf 70' lang='grc'><strong>’</strong></span> 
     </span>
    </p>

    <p class='ocr_par' dir='ltr' id='par_1_4' title="bbox 190 850 1786 1267">
     <span class='ocr_line' id='line_1_9' title="bbox 403 850 1604 912; baseline 0 -16"><span class='ocrx_word' id='word_1_57' title='bbox 403 853 525 910; x_wconf 78' lang='grc' dir='ltr'><strong><em>Φημὶ</em></strong></span> <span class='ocrx_word' id='word_1_58' title='bbox 547 852 847 912; x_wconf 78' lang='grc' dir='ltr'><strong><em>πολυχρονίην</em></strong></span> <span class='ocrx_word' id='word_1_59' title='bbox 867 850 1090 910; x_wconf 76' lang='grc' dir='ltr'><strong><em>μελέτην’</em></strong></span> <span class='ocrx_word' id='word_1_60' title='bbox 1075 851 1256 908; x_wconf 68' lang='grc' dir='ltr'><strong><em>ἔμεναι,</em></strong></span> <span class='ocrx_word' id='word_1_61' title='bbox 1292 854 1418 910; x_wconf 79' lang='grc' dir='ltr'><strong><em>φίλε·</em></strong></span> <span class='ocrx_word' id='word_1_62' title='bbox 1453 857 1527 897; x_wconf 78' lang='grc' dir='ltr'><strong>καὶ</strong></span> <span class='ocrx_word' id='word_1_63' title='bbox 1550 853 1604 912; x_wconf 77' lang='grc' dir='ltr'><strong>δὴ</strong></span> 
     </span>
     <span class='ocr_line' id='line_1_10' title="bbox 397 919 1624 983; baseline 0.002 -17"><span class='ocrx_word' id='word_1_64' title='bbox 397 939 565 981; x_wconf 65' lang='grc' dir='ltr'><strong><em>ταυτην</em></strong></span> <span class='ocrx_word' id='word_1_65' title='bbox 588 919 879 983; x_wconf 72' lang='grc' dir='ltr'><strong><em>ἀνθρώποισι</em></strong></span> <span class='ocrx_word' id='word_1_66' title='bbox 901 923 1182 967; x_wconf 70' lang='grc' dir='ltr'><strong><em>τελευτῶσαν</em></strong></span> <span class='ocrx_word' id='word_1_67' title='bbox 1204 920 1345 981; x_wconf 78' lang='grc' dir='ltr'><strong><em>φύσιν,</em></strong></span> <span class='ocrx_word' id='word_1_68' title='bbox 1366 923 1499 975; x_wconf 71' lang='grc' dir='ltr'><strong><em>εἶναι.</em></strong></span> <span class='ocrx_word' id='word_1_69' title='bbox 1621 943 1624 946; x_wconf 52' lang='lat'><strong>⁴</strong></span> 
     </span>
     <span class='ocr_line' id='line_1_11' title="bbox 192 992 1786 1052; baseline 0.001 -15"><span class='ocrx_word' id='word_1_70' title='bbox 192 1009 303 1052; x_wconf 82' lang='lat' dir='ltr'><strong>quos</strong></span> <span class='ocrx_word' id='word_1_71' title='bbox 340 1009 497 1044; x_wconf 81' lang='lat' dir='ltr'><strong>uersus</strong></span> <span class='ocrx_word' id='word_1_72' title='bbox 527 992 785 1040; x_wconf 84' lang='lat' dir='ltr'><strong>Brunckius</strong></span> <span class='ocrx_word' id='word_1_73' title='bbox 819 1008 1000 1051; x_wconf 84' lang='lat' dir='ltr'><strong>prorsus</strong></span> <span class='ocrx_word' id='word_1_74' title='bbox 1032 994 1332 1051; x_wconf 73' lang='lat' dir='ltr'><strong>praetermisit</strong></span> <span class='ocrx_word' id='word_1_75' title='bbox 1364 993 1642 1044; x_wconf 72' lang='lat' dir='ltr'><strong>Gaist&#39;ordius</strong></span> <span class='ocrx_word' id='word_1_76' title='bbox 1658 1003 1786 1041; x_wconf 80' lang='lat' dir='ltr'><strong>‘uero</strong></span> 
     </span>
     <span class='ocr_line' id='line_1_12' title="bbox 192 1062 1786 1124; baseline 0.002 -17"><span class='ocrx_word' id='word_1_77' title='bbox 192 1064 354 1111; x_wconf 82' lang='lat' dir='ltr'><strong>mirum</strong></span> <span class='ocrx_word' id='word_1_78' title='bbox 379 1064 426 1108; x_wconf 88' lang='lat' dir='ltr'><strong>in</strong></span> <span class='ocrx_word' id='word_1_79' title='bbox 448 1062 633 1119; x_wconf 74' lang='lat' dir='ltr'><strong>modum</strong></span> <span class='ocrx_word' id='word_1_80' title='bbox 658 1062 868 1122; x_wconf 71' lang='lat' dir='ltr'><strong>,elegiacis</strong></span> <span class='ocrx_word' id='word_1_81' title='bbox 892 1062 1083 1112; x_wconf 64' lang='lat' dir='ltr'><strong>miscuit.</strong></span> <span class='ocrx_word' id='word_1_82' title='bbox 1124 1063 1407 1113; x_wconf 76' lang='lat' dir='ltr'><strong>Q-uis&#39;antem</strong></span> <span class='ocrx_word' id='word_1_83' title='bbox 1433 1079 1520 1111; x_wconf 87' lang='lat' dir='ltr'><strong>non</strong></span> <span class='ocrx_word' id='word_1_84' title='bbox 1546 1063 1786 1124; x_wconf 68' lang='lat' dir='ltr'><strong>intelligat,</strong></span> 
     </span>
     <span class='ocr_line' id='line_1_13' title="bbox 190 1133 1784 1193; baseline 0.001 -15"><span class='ocrx_word' id='word_1_85' title='bbox 190 1134 397 1189; x_wconf 83' lang='lat' dir='ltr'><strong>eosdem,</strong></span> <span class='ocrx_word' id='word_1_86' title='bbox 433 1134 591 1193; x_wconf 90' lang='lat' dir='ltr'><strong>quibus</strong></span> <span class='ocrx_word' id='word_1_87' title='bbox 622 1133 841 1183; x_wconf 79' lang='lat' dir='ltr'><strong>sententia</strong></span> <span class='ocrx_word' id='word_1_88' title='bbox 862 1133 1016 1183; x_wconf 80' lang='lat' dir='ltr'><strong>inest:</strong></span> <span class='ocrx_word' id='word_1_89' title='bbox 1050 1133 1339 1187; x_wconf 77' lang='lat' dir='ltr'><strong>„diuturnam</strong></span> <span class='ocrx_word' id='word_1_90' title='bbox 1374 1150 1474 1182; x_wconf 76' lang='lat' dir='ltr'><strong>esse</strong></span> <span class='ocrx_word' id='word_1_91' title='bbox 1503 1134 1784 1181; x_wconf 76' lang='lat' dir='ltr'><strong>exercitatio-</strong></span> 
     </span>
     <span class='ocr_line' id='line_1_14' title="bbox 192 1201 1784 1267; baseline 0.001 -20"><span class='ocrx_word' id='word_1_92' title='bbox 192 1219 311 1258; x_wconf 87' lang='lat' dir='ltr'>nem,</span> <span class='ocrx_word' id='word_1_93' title='bbox 345 1203 423 1248; x_wconf 86' lang='lat' dir='ltr'><strong>sed</strong></span> <span class='ocrx_word' id='word_1_94' title='bbox 448 1218 546 1248; x_wconf 82' lang='lat' dir='ltr'><strong>eam</strong></span> <span class='ocrx_word' id='word_1_95' title='bbox 572 1201 1111 1267; x_wconf 27' lang='lat' dir='ltr'><strong>tandemxuel-(alteram)</strong></span> <span class='ocrx_word' id='word_1_96' title='bbox 1134 1210 1339 1252; x_wconf 77' lang='lat' dir='ltr'><strong>naturam</strong></span> <span class='ocrx_word' id='word_1_97' title='bbox 1364 1204 1463 1249; x_wconf 83' lang='lat' dir='ltr'><strong>fieri</strong></span> <span class='ocrx_word' id='word_1_98' title='bbox 1485 1203 1784 1258; x_wconf 75' lang='lat' dir='ltr'><strong>hominibus“‚</strong></span> 
     </span>
    </p>
   </div>
   <div class='ocr_carea' id='block_1_4' title="bbox 104 1273 1784 1334">
    <p class='ocr_par' dir='ltr' id='par_1_5' title="bbox 104 1273 1784 1334">
     <span class='ocr_line' id='line_1_15' title="bbox 104 1273 1784 1334; baseline 0.001 -16"><span class='ocrx_word' id='word_1_99' title='bbox 104 1298 108 1303; x_wconf 87' lang='lat'><em>-</em></span> <span class='ocrx_word' id='word_1_100' title='bbox 189 1274 496 1334; x_wconf 79' lang='lat' dir='ltr'><strong>fragmentum</strong></span> <span class='ocrx_word' id='word_1_101' title='bbox 520 1273 738 1333; x_wconf 82' lang='lat' dir='ltr'><strong>longioris</strong></span> <span class='ocrx_word' id='word_1_102' title='bbox 757 1275 968 1322; x_wconf 68' lang='lat' dir='ltr'><strong>carminis</strong></span> <span class='ocrx_word' id='word_1_103' title='bbox 992 1273 1281 1334; x_wconf 77' lang='lat' dir='ltr'><strong>philosophici</strong></span> <span class='ocrx_word' id='word_1_104' title='bbox 1314 1273 1386 1319; x_wconf 86' lang='lat' dir='ltr'><strong>uel</strong></span> <span class='ocrx_word' id='word_1_105' title='bbox 1412 1274 1784 1334; x_wconf 74' lang='lat' dir='ltr'><strong>rhetoriciargu-</strong></span> 
     </span>
    </p>
   </div>
   <div class='ocr_carea' id='block_1_5' title="bbox 186 1343 1783 1685">
    <p class='ocr_par' dir='ltr' id='par_1_6' title="bbox 186 1343 1783 1685">
     <span class='ocr_line' id='line_1_16' title="bbox 190 1343 1783 1404; baseline 0.001 -16"><span class='ocrx_word' id='word_1_106' title='bbox 190 1345 331 1389; x_wconf 88' lang='lat' dir='ltr'><strong>menti</strong></span> <span class='ocrx_word' id='word_1_107' title='bbox 366 1360 487 1397; x_wconf 86' lang='lat' dir='ltr'><strong>esse,</strong></span> <span class='ocrx_word' id='word_1_108' title='bbox 533 1344 578 1388; x_wconf 92' lang='lat' dir='ltr'><strong>in</strong></span> <span class='ocrx_word' id='word_1_109' title='bbox 614 1359 702 1403; x_wconf 90' lang='lat' dir='ltr'><strong>quo</strong></span> <span class='ocrx_word' id='word_1_110' title='bbox 734 1343 851 1390; x_wconf 83' lang='lat' dir='ltr'><strong>haud</strong></span> <span class='ocrx_word' id='word_1_111' title='bbox 887 1344 1020 1392; x_wconf 78' lang='lat' dir='ltr'><strong>dubie</strong></span> <span class='ocrx_word' id='word_1_112' title='bbox 1053 1344 1273 1403; x_wconf 70' lang='lat' dir='ltr'><strong>sophistes</strong></span> <span class='ocrx_word' id='word_1_113' title='bbox 1305 1343 1445 1393; x_wconf 82' lang='lat' dir='ltr'><strong>multa</strong></span> <span class='ocrx_word' id='word_1_114' title='bbox 1478 1350 1783 1404; x_wconf 64' lang='lat' dir='ltr'><strong>praeceperat,</strong></span> 
     </span>
     <span class='ocr_line' id='line_1_17' title="bbox 188 1406 1781 1474; baseline -0.001 -15"><span class='ocrx_word' id='word_1_115' title='bbox 188 1430 304 1474; x_wconf 86' lang='lat' dir='ltr'><strong>quae</strong></span> <span class='ocrx_word' id='word_1_116' title='bbox 328 1413 567 1473; x_wconf 83' lang='lat' dir='ltr'><strong>discipulos</strong></span> <span class='ocrx_word' id='word_1_117' title='bbox 590 1406 848 1459; x_wconf 82' lang='lat' dir='ltr'><strong>continuata</strong></span> <span class='ocrx_word' id='word_1_118' title='bbox 871 1414 1192 1460; x_wconf 79' lang='lat' dir='ltr'><strong>exercitatione</strong></span> <span class='ocrx_word' id='word_1_119' title='bbox 1219 1429 1298 1459; x_wconf 87' lang='lat' dir='ltr'><strong>sua</strong></span> <span class='ocrx_word' id='word_1_120' title='bbox 1320 1414 1468 1464; x_wconf 77' lang='lat' dir='ltr'><strong>facere</strong></span> <span class='ocrx_word' id='word_1_121' title='bbox 1492 1415 1696 1469; x_wconf 81' lang='lat' dir='ltr'><strong>iusserat,</strong></span> <span class='ocrx_word' id='word_1_122' title='bbox 1730 1421 1781 1460; x_wconf 88' lang='lat' dir='ltr'><strong>ut</strong></span> 
     </span>
     <span class='ocr_line' id='line_1_18' title="bbox 187 1482 1780 1542; baseline 0 -13"><span class='ocrx_word' id='word_1_123' title='bbox 187 1500 239 1529; x_wconf 84' lang='lat' dir='ltr'><strong>ea</strong></span> <span class='ocrx_word' id='word_1_124' title='bbox 267 1483 447 1529; x_wconf 87' lang='lat' dir='ltr'><strong>tandem</strong></span> <span class='ocrx_word' id='word_1_125' title='bbox 480 1489 691 1542; x_wconf 81' lang='lat' dir='ltr'><strong>tanquam</strong></span> <span class='ocrx_word' id='word_1_126' title='bbox 737 1498 840 1530; x_wconf 88' lang='lat' dir='ltr'><strong>cum</strong></span> <span class='ocrx_word' id='word_1_127' title='bbox 875 1482 990 1529; x_wconf 81' lang='lat' dir='ltr'><strong>lacte</strong></span> <span class='ocrx_word' id='word_1_128' title='bbox 1029 1484 1216 1531; x_wconf 78' lang='lat' dir='ltr'><strong>nutricis</strong></span> <span class='ocrx_word' id='word_1_129' title='bbox 1241 1483 1470 1531; x_wconf 82' lang='lat' dir='ltr'><strong>imbibisse</strong></span> <span class='ocrx_word' id='word_1_130' title='bbox 1504 1483 1780 1532; x_wconf 84' lang='lat' dir='ltr'><strong>uiderentur.</strong></span> 
     </span>
     <span class='ocr_line' id='line_1_19' title="bbox 186 1544 1779 1616; baseline 0.001 -17"><span class='ocrx_word' id='word_1_131' title='bbox 186 1555 276 1605; x_wconf 84' lang='lat' dir='ltr'><strong>Qui</strong></span> <span class='ocrx_word' id='word_1_132' title='bbox 301 1569 458 1600; x_wconf 86' lang='lat' dir='ltr'><strong>uersus</strong></span> <span class='ocrx_word' id='word_1_133' title='bbox 482 1554 624 1614; x_wconf 85' lang='lat' dir='ltr'><strong>igitur</strong></span> <span class='ocrx_word' id='word_1_134' title='bbox 647 1544 815 1614; x_wconf 77' lang='lat' dir='ltr'><strong>optime</strong></span> <span class='ocrx_word' id='word_1_135' title='bbox 839 1553 1042 1601; x_wconf 78' lang='lat' dir='ltr'><strong>Platonis</strong></span> <span class='ocrx_word' id='word_1_136' title='bbox 1066 1553 1124 1600; x_wconf 86' lang='lat' dir='ltr'><strong>de</strong></span> <span class='ocrx_word' id='word_1_137' title='bbox 1148 1554 1297 1600; x_wconf 87' lang='lat' dir='ltr'><strong>Eueni</strong></span> <span class='ocrx_word' id='word_1_138' title='bbox 1319 1561 1418 1600; x_wconf 82' lang='lat' dir='ltr'><strong>arte</strong></span> <span class='ocrx_word' id='word_1_139' title='bbox 1440 1555 1630 1614; x_wconf 83' lang='lat' dir='ltr'><strong>poetica,</strong></span> <span class='ocrx_word' id='word_1_140' title='bbox 1659 1554 1779 1616; x_wconf 92' lang='lat' dir='ltr'><strong>quod</strong></span> 
     </span>
     <span class='ocr_line' id='line_1_20' title="bbox 186 1624 1295 1685; baseline 0.002 -15"><span class='ocrx_word' id='word_1_141' title='bbox 186 1641 321 1685; x_wconf 82' lang='lat' dir='ltr'><strong>supra</strong></span> <span class='ocrx_word' id='word_1_142' title='bbox 345 1624 628 1683; x_wconf 85' lang='lat' dir='ltr'><strong>exhibuimus</strong></span> <span class='ocrx_word' id='word_1_143' title='bbox 651 1625 1295 1680; x_wconf 75' lang='lat' dir='ltr'><strong>testimonium,oonfirman1·</strong></span> 
     </span>
    </p>
   </div>
   <div class='ocr_carea' id='block_1_6' title="bbox 954 1737 1006 1785">
    <p class='ocr_par' dir='ltr' id='par_1_7' title="bbox 954 1737 1006 1785">
     <span class='ocr_line' id='line_1_21' title="bbox 954 1737 1006 1785; baseline -0.058 0"><span class='ocrx_word' id='word_1_144' title='bbox 954 1737 1006 1785; x_wconf 80' lang='lat'><strong>2.</strong></span> 
     </span>
    </p>
   </div>
   <div class='ocr_carea' id='block_1_7' title="bbox 184 1807 1775 2041">
    <p class='ocr_par' dir='ltr' id='par_1_8' title="bbox 184 1807 1775 2033">
     <span class='ocr_line' id='line_1_22' title="bbox 278 1807 1775 1893; baseline 0.001 -15"><span class='ocrx_word' id='word_1_145' title='bbox 278 1807 528 1892; x_wconf 79' lang='lat' dir='ltr'><strong>Reperitur</strong></span> <span class='ocrx_word' id='word_1_146' title='bbox 545 1835 589 1878; x_wconf 93' lang='lat' dir='ltr'><strong>in</strong></span> <span class='ocrx_word' id='word_1_147' title='bbox 610 1807 792 1881; x_wconf 83' lang='lat' dir='ltr'><strong>Stobaei</strong></span> <span class='ocrx_word' id='word_1_148' title='bbox 807 1816 1027 1892; x_wconf 85' lang='lat' dir='ltr'><strong>Florileg.</strong></span> <span class='ocrx_word' id='word_1_149' title='bbox 1046 1833 1223 1880; x_wconf 84' lang='lat' dir='ltr'>XLIX.</span> <span class='ocrx_word' id='word_1_150' title='bbox 1249 1837 1422 1893; x_wconf 66' lang='lat' dir='ltr'><strong>p‚355.</strong></span> <span class='ocrx_word' id='word_1_151' title='bbox 1441 1835 1578 1879; x_wconf 86' lang='lat' dir='ltr'><strong>Gesn.</strong></span> <span class='ocrx_word' id='word_1_152' title='bbox 1603 1849 1646 1893; x_wconf 87' lang='lat' dir='ltr'><strong>p.</strong></span> <span class='ocrx_word' id='word_1_153' title='bbox 1665 1839 1775 1881; x_wconf 90' lang='lat'><strong>197.</strong></span> 
     </span>
     <span class='ocr_line' id='line_1_23' title="bbox 184 1903 1775 1964; baseline 0 -13"><span class='ocrx_word' id='word_1_154' title='bbox 184 1906 315 1951; x_wconf 85' lang='lat' dir='ltr'><strong>Grot.</strong></span> <span class='ocrx_word' id='word_1_155' title='bbox 341 1905 594 1964; x_wconf 86' lang='lat' dir='ltr'><strong>Receptum</strong></span> <span class='ocrx_word' id='word_1_156' title='bbox 620 1903 725 1950; x_wconf 84' lang='lat' dir='ltr'><strong>inde</strong></span> <span class='ocrx_word' id='word_1_157' title='bbox 756 1920 783 1948; x_wconf 92' lang='lat' dir='ltr'><strong>a</strong></span> <span class='ocrx_word' id='word_1_158' title='bbox 807 1904 1037 1951; x_wconf 78' lang='lat' dir='ltr'><strong>Brunckio</strong></span> <span class='ocrx_word' id='word_1_159' title='bbox 1070 1904 1114 1949; x_wconf 90' lang='lat' dir='ltr'><strong>in</strong></span> <span class='ocrx_word' id='word_1_160' title='bbox 1140 1906 1304 1951; x_wconf 84' lang='lat' dir='ltr'><strong>Gnom.</strong></span> <span class='ocrx_word' id='word_1_161' title='bbox 1329 1908 1491 1952; x_wconf 80' lang='lat' dir='ltr'><strong>Graec.</strong></span> <span class='ocrx_word' id='word_1_162' title='bbox 1511 1905 1549 1948; x_wconf 94' lang='lat' dir='ltr'><strong>I.</strong></span> <span class='ocrx_word' id='word_1_163' title='bbox 1588 1920 1630 1963; x_wconf 87' lang='lat' dir='ltr'><strong>p.</strong></span> <span class='ocrx_word' id='word_1_164' title='bbox 1662 1908 1775 1951; x_wconf 86' lang='lat'><strong>164.</strong></span> 
     </span>
     <span class='ocr_line' id='line_1_24' title="bbox 184 1974 1774 2041; baseline 0.001 -24"><span class='ocrx_word' id='word_1_165' title='bbox 184 1990 227 2017; x_wconf 89' lang='lat' dir='ltr'><strong>n.</strong></span> <span class='ocrx_word' id='word_1_166' title='bbox 250 1980 295 2019; x_wconf 82' lang='lat'><strong>2.</strong></span> <span class='ocrx_word' id='word_1_167' title='bbox 322 1974 522 2018; x_wconf 86' lang='lat' dir='ltr'><strong>Analect.</strong></span> <span class='ocrx_word' id='word_1_168' title='bbox 547 1976 589 2019; x_wconf 91' lang='lat' dir='ltr'><strong>I.</strong></span> <span class='ocrx_word' id='word_1_169' title='bbox 621 1982 662 2020; x_wconf 90' lang='lat'><strong>1.</strong></span> <span class='ocrx_word' id='word_1_170' title='bbox 701 1990 744 2033; x_wconf 92' lang='grc' dir='ltr'><strong>Ρ.</strong></span> <span class='ocrx_word' id='word_1_171' title='bbox 772 1978 888 2020; x_wconf 90' lang='grc'><strong>320.</strong></span> <span class='ocrx_word' id='word_1_172' title='bbox 913 1990 940 2018; x_wconf 86' lang='lat' dir='ltr'><strong>a</strong></span> <span class='ocrx_word' id='word_1_173' title='bbox 962 1974 1162 2018; x_wconf 85' lang='lat' dir='ltr'><strong>Iacobsio</strong></span> <span class='ocrx_word' id='word_1_174' title='bbox 1187 1975 1231 2018; x_wconf 91' lang='lat' dir='ltr'><strong>in</strong></span> <span class='ocrx_word' id='word_1_175' title='bbox 1258 1974 1437 2041; x_wconf 84' lang='lat' dir='ltr'><strong>Anthol.</strong></span> <span class='ocrx_word' id='word_1_176' title='bbox 1463 1974 1607 2018; x_wconf 85' lang='lat' dir='ltr'><strong>Palat.</strong></span> <span class='ocrx_word' id='word_1_177' title='bbox 1634 1975 1692 2019; x_wconf 92' lang='grc' dir='ltr'><strong>Τ.</strong></span> <span class='ocrx_word' id='word_1_178' title='bbox 1708 1975 1774 2019; x_wconf 88' lang='grc' dir='ltr'><strong>ΙΙ.</strong></span> 
     </span>
    </p>
   </div>
   <div class='ocr_carea' id='block_1_8' title="bbox 170 2042 1772 3021">
    <p class='ocr_par' dir='ltr' id='par_1_9' title="bbox 184 2042 1576 2246">
     <span class='ocr_line' id='line_1_25' title="bbox 184 2042 937 2105; baseline -0.001 -15"><span class='ocrx_word' id='word_1_179' title='bbox 184 2061 225 2104; x_wconf 88' lang='grc' dir='ltr'><strong>Ρ.</strong></span> <span class='ocrx_word' id='word_1_180' title='bbox 257 2050 373 2090; x_wconf 90' lang='grc'><strong>761.</strong></span> <span class='ocrx_word' id='word_1_181' title='bbox 410 2042 548 2105; x_wconf 87' lang='lat' dir='ltr'><strong>(App.</strong></span> <span class='ocrx_word' id='word_1_182' title='bbox 576 2045 721 2105; x_wconf 87' lang='lat' dir='ltr'><strong>epigr.</strong></span> <span class='ocrx_word' id='word_1_183' title='bbox 758 2061 799 2088; x_wconf 85' lang='lat' dir='ltr'><strong>n.</strong></span> <span class='ocrx_word' id='word_1_184' title='bbox 828 2043 937 2104; x_wconf 82' lang='lat'>24.)</span> 
     </span>
     <span class='ocr_line' id='line_1_26' title="bbox 322 2112 1590 2175; baseline 0 -16"><span class='ocrx_word' id='word_1_185' title='bbox 322 2116 444 2175; x_wconf 84' lang='grc' dir='ltr'><strong><em>Πρὸς</em></strong></span> <span class='ocrx_word' id='word_1_186' title='bbox 468 2119 612 2175; x_wconf 72' lang='grc' dir='ltr'><strong><em>σοφίᾳ</em></strong></span> <span class='ocrx_word' id='word_1_187' title='bbox 634 2120 718 2173; x_wconf 75' lang='grc' dir='ltr'><strong><em>μὲν</em></strong></span> <span class='ocrx_word' id='word_1_188' title='bbox 742 2115 860 2170; x_wconf 74' lang='grc' dir='ltr'><strong><em>ἔχειν</em></strong></span> <span class='ocrx_word' id='word_1_189' title='bbox 882 2113 1053 2174; x_wconf 81' lang='grc' dir='ltr'><strong><em>τόλμαν</em></strong></span> <span class='ocrx_word' id='word_1_190' title='bbox 1075 2112 1198 2171; x_wconf 81' lang='grc' dir='ltr'><strong><em>μάλα</em></strong></span> <span class='ocrx_word' id='word_1_191' title='bbox 1222 2113 1457 2175; x_wconf 78' lang='grc' dir='ltr'><strong><em>σύμφορόν</em></strong></span> <span class='ocrx_word' id='word_1_192' title='bbox 1479 2115 1590 2160; x_wconf 77' lang='grc' dir='ltr'><strong><em>ἐστι.</em></strong></span> 
     </span>
     <span class='ocr_line' id='line_1_27' title="bbox 456 2183 1373 2246; baseline 0 -16"><span class='ocrx_word' id='word_1_193' title='bbox 456 2191 589 2246; x_wconf 82' lang='grc' dir='ltr'><strong><em>χωρὶς</em></strong></span> <span class='ocrx_word' id='word_1_194' title='bbox 612 2186 661 2231; x_wconf 77' lang='grc' dir='ltr'><strong>δὲ</strong></span> <span class='ocrx_word' id='word_1_195' title='bbox 682 2186 870 2246; x_wconf 81' lang='grc' dir='ltr'><strong><em>βλαβερὴ</em></strong></span> <span class='ocrx_word' id='word_1_196' title='bbox 892 2191 967 2229; x_wconf 79' lang='grc' dir='ltr'><strong>καὶ</strong></span> <span class='ocrx_word' id='word_1_197' title='bbox 989 2183 1209 2244; x_wconf 80' lang='grc' dir='ltr'><strong><em>κακότητα</em></strong></span> <span class='ocrx_word' id='word_1_198' title='bbox 1233 2189 1373 2246; x_wconf 79' lang='grc' dir='ltr'><strong><em>φέρει.</em></strong></span> 
     </span>
    </p>

    <p class='ocr_par' dir='ltr' id='par_1_10' title="bbox 170 2253 1772 3021">
     <span class='ocr_line' id='line_1_28' title="bbox 274 2253 1771 2318; baseline -0.001 -19"><span class='ocrx_word' id='word_1_199' title='bbox 274 2256 488 2312; x_wconf 83' lang='lat' dir='ltr'><strong>Similiter</strong></span> <span class='ocrx_word' id='word_1_200' title='bbox 512 2256 930 2317; x_wconf 35' lang='lat' dir='ltr'><strong>Euripstl&#39;emenidv.</strong></span> <span class='ocrx_word' id='word_1_201' title='bbox 949 2255 1035 2315; x_wconf 80' lang='lat' dir='ltr'><strong>sgt.</strong></span> <span class='ocrx_word' id='word_1_202' title='bbox 1053 2255 1141 2303; x_wconf 79' lang='lat' dir='ltr'><strong>XI.</strong></span> <span class='ocrx_word' id='word_1_203' title='bbox 1173 2254 1299 2318; x_wconf 64' lang='grc' dir='ltr'><strong><em>’ῥύμη</em></strong></span> <span class='ocrx_word' id='word_1_204' title='bbox 1322 2256 1374 2301; x_wconf 81' lang='grc' dir='ltr'><strong>δέ</strong></span> <span class='ocrx_word' id='word_1_205' title='bbox 1394 2253 1442 2311; x_wconf 58' lang='grc' dir='ltr'><strong>γ’·</strong></span> <span class='ocrx_word' id='word_1_206' title='bbox 1456 2253 1641 2313; x_wconf 58' lang='grc' dir='ltr'><strong><em>ἀμαθὴς</em></strong></span> <span class='ocrx_word' id='word_1_207' title='bbox 1663 2255 1771 2299; x_wconf 84' lang='grc' dir='ltr'><strong><em>πολ-</em></strong></span> 
     </span>
     <span class='ocr_line' id='line_1_29' title="bbox 179 2317 1772 2385; baseline 0.001 -16"><span class='ocrx_word' id='word_1_208' title='bbox 179 2323 303 2377; x_wconf 78' lang='grc' dir='ltr'><strong><em>λάκις</em></strong></span> <span class='ocrx_word' id='word_1_209' title='bbox 326 2330 461 2370; x_wconf 83' lang='grc' dir='ltr'><strong><em>τίκτει</em></strong></span> <span class='ocrx_word' id='word_1_210' title='bbox 482 2325 658 2385; x_wconf 81' lang='grc' dir='ltr'><strong>βλάβην.</strong></span> <span class='ocrx_word' id='word_1_211' title='bbox 709 2327 849 2371; x_wconf 87' lang='lat' dir='ltr'><strong>Isocr.</strong></span> <span class='ocrx_word' id='word_1_212' title='bbox 882 2325 939 2370; x_wconf 89' lang='lat' dir='ltr'><strong>ad</strong></span> <span class='ocrx_word' id='word_1_213' title='bbox 964 2326 1198 2371; x_wconf 87' lang='lat' dir='ltr'><strong>Demonic.</strong></span> <span class='ocrx_word' id='word_1_214' title='bbox 1223 2318 1279 2385; x_wconf 84' lang='lat' dir='ltr'><strong>p.</strong></span> <span class='ocrx_word' id='word_1_215' title='bbox 1308 2317 1352 2371; x_wconf 77' lang='grc'><strong>2.</strong></span> <span class='ocrx_word' id='word_1_216' title='bbox 1395 2324 1515 2385; x_wconf 82' lang='grc' dir='ltr'><strong><em>ῥώμη</em></strong></span> <span class='ocrx_word' id='word_1_217' title='bbox 1546 2325 1659 2382; x_wconf 75' lang='grc' dir='ltr'><strong><em>μετὰ</em></strong></span> <span class='ocrx_word' id='word_1_218' title='bbox 1689 2330 1772 2382; x_wconf 79' lang='grc' dir='ltr'><strong><em>μὲν</em></strong></span> 
     </span>
     <span class='ocr_line' id='line_1_30' title="bbox 178 2394 1768 2458; baseline 0 -17"><span class='ocrx_word' id='word_1_219' title='bbox 178 2395 437 2456; x_wconf 77' lang='grc' dir='ltr'><strong><em>φρονήσεως</em></strong></span> <span class='ocrx_word' id='word_1_220' title='bbox 457 2395 710 2455; x_wconf 77' lang='grc' dir='ltr'><strong><em>ὠφέλησεν,</em></strong></span> <span class='ocrx_word' id='word_1_221' title='bbox 736 2394 842 2441; x_wconf 82' lang='grc' dir='ltr'><strong><em>α’νευ</em></strong></span> <span class='ocrx_word' id='word_1_222' title='bbox 862 2397 932 2440; x_wconf 74' lang='grc' dir='ltr'><strong>δὲ·</strong></span> <span class='ocrx_word' id='word_1_223' title='bbox 929 2395 1088 2457; x_wconf 81' lang='grc' dir='ltr'><strong><em>ταύτης</em></strong></span> <span class='ocrx_word' id='word_1_224' title='bbox 1109 2397 1248 2441; x_wconf 84' lang='grc' dir='ltr'><strong><em>πλείω</em></strong></span> <span class='ocrx_word' id='word_1_225' title='bbox 1267 2395 1369 2445; x_wconf 78' lang='grc' dir='ltr'><strong><em>τοὺς</em></strong></span> <span class='ocrx_word' id='word_1_226' title='bbox 1388 2412 1569 2450; x_wconf 85' lang='grc' dir='ltr'><strong><em>εχοντας</em></strong></span> <span class='ocrx_word' id='word_1_227' title='bbox 1585 2396 1768 2458; x_wconf 69' lang='grc' dir='ltr'><strong>ἔβλαψε.</strong></span> 
     </span>
     <span class='ocr_line' id='line_1_31' title="bbox 179 2458 1767 2527; baseline 0.001 -16"><span class='ocrx_word' id='word_1_228' title='bbox 179 2468 342 2512; x_wconf 87' lang='lat' dir='ltr'><strong>Horat.</strong></span> <span class='ocrx_word' id='word_1_229' title='bbox 368 2465 575 2512; x_wconf 87' lang='lat' dir='ltr'>Od.111.</span> <span class='ocrx_word' id='word_1_230' title='bbox 605 2470 652 2521; x_wconf 97' lang='grc'><strong>4,</strong></span> <span class='ocrx_word' id='word_1_231' title='bbox 680 2471 760 2514; x_wconf 90' lang='grc'><strong>65.</strong></span> <span class='ocrx_word' id='word_1_232' title='bbox 797 2458 875 2513; x_wconf 82' lang='lat' dir='ltr'><strong>V&#39;is</strong></span> <span class='ocrx_word' id='word_1_233' title='bbox 898 2468 1050 2512; x_wconf 82' lang='lat' dir='ltr'><strong>consili</strong></span> <span class='ocrx_word' id='word_1_234' title='bbox 1076 2482 1237 2527; x_wconf 83' lang='lat' dir='ltr'><strong>expers</strong></span> <span class='ocrx_word' id='word_1_235' title='bbox 1262 2465 1377 2510; x_wconf 88' lang='lat' dir='ltr'><strong>mole</strong></span> <span class='ocrx_word' id='word_1_236' title='bbox 1403 2468 1492 2510; x_wconf 89' lang='lat' dir='ltr'><strong>ruit</strong></span> <span class='ocrx_word' id='word_1_237' title='bbox 1516 2482 1615 2519; x_wconf 88' lang='lat' dir='ltr'><strong>sua;</strong></span> <span class='ocrx_word' id='word_1_238' title='bbox 1663 2468 1767 2512; x_wconf 77' lang='lat' dir='ltr'><strong>Vim</strong></span> 
     </span>
     <span class='ocr_line' id='line_1_32' title="bbox 180 2532 1769 2598; baseline -0.001 -16"><span class='ocrx_word' id='word_1_239' title='bbox 180 2532 469 2598; x_wconf 83' lang='lat' dir='ltr'><strong>temperatam</strong></span> <span class='ocrx_word' id='word_1_240' title='bbox 496 2537 543 2582; x_wconf 88' lang='lat' dir='ltr'><strong>di</strong></span> <span class='ocrx_word' id='word_1_241' title='bbox 569 2552 747 2598; x_wconf 87' lang='lat' dir='ltr'><strong>quoque</strong></span> <span class='ocrx_word' id='word_1_242' title='bbox 772 2537 1023 2597; x_wconf 84' lang='lat' dir='ltr'><strong>prouehunt</strong></span> <span class='ocrx_word' id='word_1_243' title='bbox 1046 2539 1100 2582; x_wconf 92' lang='lat' dir='ltr'><strong>In</strong></span> <span class='ocrx_word' id='word_1_244' title='bbox 1128 2538 1283 2582; x_wconf 87' lang='lat' dir='ltr'><strong>maius.</strong></span> <span class='ocrx_word' id='word_1_245' title='bbox 1316 2561 1385 2568; x_wconf 93' lang='lat'><strong>——</strong></span> <span class='ocrx_word' id='word_1_246' title='bbox 1417 2537 1511 2582; x_wconf 82' lang='lat' dir='ltr'><strong>Cic.</strong></span> <span class='ocrx_word' id='word_1_247' title='bbox 1537 2537 1581 2582; x_wconf 86' lang='lat' dir='ltr'><strong>d.</strong></span> <span class='ocrx_word' id='word_1_248' title='bbox 1613 2538 1704 2582; x_wconf 82' lang='lat' dir='ltr'><strong>Off.</strong></span> <span class='ocrx_word' id='word_1_249' title='bbox 1729 2537 1769 2581; x_wconf 91' lang='grc' dir='ltr'><strong>Ι.</strong></span> 
     </span>
     <span class='ocr_line' id='line_1_33' title="bbox 184 2607 1768 2670; baseline -0.001 -17"><span class='ocrx_word' id='word_1_250' title='bbox 184 2614 263 2662; x_wconf 85' lang='grc'><strong>19,</strong></span> <span class='ocrx_word' id='word_1_251' title='bbox 306 2609 329 2666; x_wconf 81' lang='lat'><strong>§</strong></span> <span class='ocrx_word' id='word_1_252' title='bbox 359 2613 437 2655; x_wconf 84' lang='lat'><strong>63.</strong></span> <span class='ocrx_word' id='word_1_253' title='bbox 512 2607 615 2654; x_wconf 91' lang='lat' dir='ltr'><strong>Non</strong></span> <span class='ocrx_word' id='word_1_254' title='bbox 652 2608 794 2653; x_wconf 89' lang='lat' dir='ltr'><strong>solum</strong></span> <span class='ocrx_word' id='word_1_255' title='bbox 829 2609 1034 2664; x_wconf 80' lang='lat' dir='ltr'><strong>scientia,</strong></span> <span class='ocrx_word' id='word_1_256' title='bbox 1069 2624 1185 2670; x_wconf 84' lang='lat' dir='ltr'><strong>quae</strong></span> <span class='ocrx_word' id='word_1_257' title='bbox 1210 2616 1289 2652; x_wconf 74' lang='lat' dir='ltr'><strong>ost</strong></span> <span class='ocrx_word' id='word_1_258' title='bbox 1303 2615 1478 2653; x_wconf 75' lang='lat' dir='ltr'><strong>remota</strong></span> <span class='ocrx_word' id='word_1_259' title='bbox 1504 2610 1560 2653; x_wconf 87' lang='lat' dir='ltr'><strong>ab</strong></span> <span class='ocrx_word' id='word_1_260' title='bbox 1584 2608 1768 2663; x_wconf 86' lang='lat' dir='ltr'><strong>iustitia,</strong></span> 
     </span>
     <span class='ocr_line' id='line_1_34' title="bbox 174 2677 1766 2739; baseline -0.001 -17"><span class='ocrx_word' id='word_1_261' title='bbox 174 2678 391 2723; x_wconf 85' lang='lat' dir='ltr'><strong>calliditas</strong></span> <span class='ocrx_word' id='word_1_262' title='bbox 416 2680 588 2738; x_wconf 87' lang='lat' dir='ltr'><strong>potius,</strong></span> <span class='ocrx_word' id='word_1_263' title='bbox 624 2694 755 2739; x_wconf 89' lang='lat' dir='ltr'><strong>quam</strong></span> <span class='ocrx_word' id='word_1_264' title='bbox 791 2679 1004 2737; x_wconf 84' lang='lat' dir='ltr'><strong>sapientia</strong></span> <span class='ocrx_word' id='word_1_265' title='bbox 1038 2687 1104 2724; x_wconf 80' lang='lat' dir='ltr'><strong>est</strong></span> <span class='ocrx_word' id='word_1_266' title='bbox 1129 2677 1414 2737; x_wconf 78' lang='lat' dir='ltr'><strong>appellanda3</strong></span> <span class='ocrx_word' id='word_1_267' title='bbox 1449 2694 1606 2724; x_wconf 87' lang='lat' dir='ltr'><strong>uerum</strong></span> <span class='ocrx_word' id='word_1_268' title='bbox 1632 2680 1766 2723; x_wconf 83' lang='lat' dir='ltr'><strong>etiam</strong></span> 
     </span>
     <span class='ocr_line' id='line_1_35' title="bbox 173 2748 1766 2818; baseline 0 -26"><span class='ocrx_word' id='word_1_269' title='bbox 173 2749 349 2793; x_wconf 81' lang='lat' dir='ltr'><strong>animus</strong></span> <span class='ocrx_word' id='word_1_270' title='bbox 374 2757 552 2807; x_wconf 86' lang='lat' dir='ltr'><strong>paratus</strong></span> <span class='ocrx_word' id='word_1_271' title='bbox 576 2749 632 2794; x_wconf 90' lang='lat' dir='ltr'><strong>ad</strong></span> <span class='ocrx_word' id='word_1_272' title='bbox 659 2748 935 2811; x_wconf 88' lang='lat' dir='ltr'><strong>periculum,</strong></span> <span class='ocrx_word' id='word_1_273' title='bbox 940 2807 942 2810; x_wconf 27' lang='grc' dir='ltr'>Ι</span> <span class='ocrx_word' id='word_1_274' title='bbox 971 2750 1006 2794; x_wconf 88' lang='lat' dir='ltr'><strong>si</strong></span> <span class='ocrx_word' id='word_1_275' title='bbox 1037 2765 1117 2794; x_wconf 88' lang='lat' dir='ltr'><strong>sua</strong></span> <span class='ocrx_word' id='word_1_276' title='bbox 1148 2748 1416 2818; x_wconf 84' lang='lat' dir='ltr'><strong>cupiditate,</strong></span> <span class='ocrx_word' id='word_1_277' title='bbox 1453 2765 1540 2794; x_wconf 89' lang='lat' dir='ltr'><strong>non</strong></span> <span class='ocrx_word' id='word_1_278' title='bbox 1573 2748 1766 2803; x_wconf 86' lang='lat' dir='ltr'><strong>utilitate</strong></span> 
     </span>
     <span class='ocr_line' id='line_1_36' title="bbox 172 2817 1765 2891; baseline -0.001 -29"><span class='ocrx_word' id='word_1_279' title='bbox 172 2820 398 2865; x_wconf 85' lang='lat' dir='ltr'><strong>communi</strong></span> <span class='ocrx_word' id='word_1_280' title='bbox 425 2820 691 2878; x_wconf 76' lang='lat' dir='ltr'><strong>impellitur,</strong></span> <span class='ocrx_word' id='word_1_281' title='bbox 739 2817 965 2867; x_wconf 86' lang='lat' dir='ltr'><strong>audaciae</strong></span> <span class='ocrx_word' id='word_1_282' title='bbox 970 2820 1121 2884; x_wconf 80' lang='lat' dir='ltr'><strong>potius</strong></span> <span class='ocrx_word' id='word_1_283' title='bbox 1144 2828 1303 2863; x_wconf 80' lang='lat' dir='ltr'><strong>nomen</strong></span> <span class='ocrx_word' id='word_1_284' title='bbox 1329 2819 1489 2864; x_wconf 82' lang='lat' dir='ltr'><strong>habeat</strong></span> <span class='ocrx_word' id='word_1_285' title='bbox 1516 2831 1650 2891; x_wconf 87' lang='lat' dir='ltr'><strong>quam</strong></span> <span class='ocrx_word' id='word_1_286' title='bbox 1674 2818 1765 2862; x_wconf 84' lang='lat' dir='ltr'><strong>sor-</strong></span> 
     </span>
     <span class='ocr_line' id='line_1_37' title="bbox 171 2886 1763 2954; baseline 0.001 -21"><span class='ocrx_word' id='word_1_287' title='bbox 171 2889 388 2937; x_wconf 84' lang='lat' dir='ltr'><strong>titudinis.</strong></span> <span class='ocrx_word' id='word_1_288' title='bbox 414 2914 483 2921; x_wconf 92' lang='lat'><em>-</em></span> <span class='ocrx_word' id='word_1_289' title='bbox 512 2888 708 2947; x_wconf 81' lang='grc' dir='ltr'><strong><em>Τόλμαν,</em></strong></span> <span class='ocrx_word' id='word_1_290' title='bbox 734 2889 854 2951; x_wconf 89' lang='lat' dir='ltr'><strong>quod</strong></span> <span class='ocrx_word' id='word_1_291' title='bbox 880 2888 1079 2937; x_wconf 90' lang='lat' dir='ltr'><strong>nonnulli</strong></span> <span class='ocrx_word' id='word_1_292' title='bbox 1098 2889 1256 2938; x_wconf 83' lang='lat' dir='ltr'><strong>Atticis</strong></span> <span class='ocrx_word' id='word_1_293' title='bbox 1273 2897 1491 2954; x_wconf 82' lang='lat' dir='ltr'><strong>tanquam</strong></span> <span class='ocrx_word' id='word_1_294' title='bbox 1505 2886 1763 2948; x_wconf 74' lang='lat' dir='ltr'><strong>inusitatum</strong></span> 
     </span>
     <span class='ocr_line' id='line_1_38' title="bbox 170 2960 1761 3021; baseline 0.001 -17"><span class='ocrx_word' id='word_1_295' title='bbox 170 2961 382 3012; x_wconf 80' lang='lat' dir='ltr'><strong>damnare</strong></span> <span class='ocrx_word' id='word_1_296' title='bbox 408 2960 665 3017; x_wconf 89' lang='lat' dir='ltr'><strong>uoluerunt,</strong></span> <span class='ocrx_word' id='word_1_297' title='bbox 689 2962 854 3020; x_wconf 86' lang='lat' dir='ltr'><strong>apertis</strong></span> <span class='ocrx_word' id='word_1_298' title='bbox 872 2962 1023 3007; x_wconf 88' lang='lat' dir='ltr'><strong>uerbis</strong></span> <span class='ocrx_word' id='word_1_299' title='bbox 1041 2967 1193 3006; x_wconf 88' lang='lat' dir='ltr'><strong>tuetur</strong></span> <span class='ocrx_word' id='word_1_300' title='bbox 1213 2961 1462 3021; x_wconf 72' lang='lat' dir='ltr'><strong>Phrynieh.</strong></span> <span class='ocrx_word' id='word_1_301' title='bbox 1488 2961 1619 3020; x_wconf 71' lang='lat' dir='ltr'><strong>App.</strong></span> <span class='ocrx_word' id='word_1_302' title='bbox 1614 2960 1761 3020; x_wconf 87' lang='lat' dir='ltr'><strong>Soph-</strong></span> 
     </span>
    </p>
   </div>
  </div>
 </body>
</html>
